1932 3115
486 116 532 162 178

134 270 236 317 metuam
259 270 354 316 Athenis
375 270 408 316 ita
424 270 550 332 neglectam
566 270 636 316 tuisse
657 275 683 316 ut
701 275 819 332 propterea
836 268 878 330 Cy-

134 376 202 405 renen
225 359 320 420 migrare
342 374 431 405 necesse
447 364 505 405 esset
511 378 517 416 3
538 360 586 421 ipse
606 358 737 404 Theodorus
758 362 879 418 antequam

135 446 188 493 'lluc
214 447 342 493 habitatum
366 447 445 503 cessit,
469 448 566 494 Athenis
588 447 646 493 hano
670 450 739 493 artem
761 445 879 511 tradidisse

132 518 270 595 perhibetur.
299 533 360 581 Via..
370 533 487 580 Hermann
503 550 526 595 p.
547 535 606 591 110,
623 538 671 580 not.
687 536 740 580 101.

165 708 274 756 Itinera
290 710 317 755 in
334 708 452 755 ltaliam.
476 708 605 755 Secundum
620 708 745 770 Epistolam
755 708 819 755 Plato
832 708 877 769 pri-

132 812 195 841 mum
206 796 319 858 profectus
337 801 370 843 est
386 796 411 842 in
427 796 530 853 ltaliam,
543 813 588 858 quo
600 802 700 859 tempore
709 796 795 859 patriae
803 812 876 842 mores

132 891 247 946 pertaesus
271 884 461 946 quadragenarius
478 884 580 931 Athenas
597 885 690 946 reliquit
695 904 702 941 3
721 885 774 931 hinc
791 884 879 946 trajecit

131 971 156 1017 in
167 970 266 1018 Siciliam
283 971 333 1033 (Ep.
346 971 405 1029 VH,
417 989 440 1034 p.
459 974 505 1018 3116
518 971 545 1018 B.
557 973 573 1033 ¹)
590 972 678 1018 Iterum
688 973 713 1017 in
724 971 814 1018 ltaliam
827 987 878 1017 con-

132 1058 218 1116 tendit,
230 1075 301 1120 quum
311 1059 338 1105 ab
348 1059 417 1105 altera
426 1059 594 1121 profectionem
601 1059 700 1106 Siciliam
707 1058 799 1105 domum
807 1075 878 1105 rever-

132 1150 227 1203 teretur,
243 1163 289 1207 qua
305 1147 421 1193 occasione
438 1128 561 1216 Parentum
578 1146 694 1193 divertisse
711 1147 789 1207 ibique
803 1146 878 1193 amici-

131 1236 187 1281 tiam
205 1235 307 1297 junxisse
325 1234 407 1282 dicitur
424 1251 476 1281 cum
493 1236 594 1297 Archyta
611 1220 705 1296 aliisque
722 1234 876 1297 Pythagoreis.

131 1322 190 1370 lbid.
204 1340 226 1385 p.
248 1324 294 1369 338
313 1322 344 1369 C:
368 1325 410 1379 ἐγὼ
427 1323 471 1381 γὰρ
488 1323 542 1381 raptu*
551 1323 636 1371 11111111
653 1323 724 1379 {sclav
746 1323 782 1370 aul
800 1323 876 1382 φιλίαν

131 1410 228 1471 Ἀρχύτῃ
244 1412 280 1458 aa}
294 1416 338 1463 τοῖς
354 1414 376 1458 ἐν
393 1410 489 1469 Τάραντι
503 1412 539 1458 aa}
549 1411 649 1469 Διονυσίῳ
657 1412 747 1466 ποιήσαις
756 1411 874 1458 ἐπέπλεον,

132 1497 190 1545 Cum
207 1499 243 1545 his
261 1498 326 1545 dictis
338 1499 500 1546 contendamus
512 1515 570 1561 quae
582 1499 650 1546 ceteri
661 1499 780 1560 scriptores
793 1499 820 1545 de
832 1498 875 1545 hoc

131 1586 211 1633 itinere
228 1592 355 1634 narrarunt.

94 1671 98 1675 ’
164 1673 251 1737 Nepos,
269 1674 337 1722 Dion.
356 1691 374 1722 c.
394 1677 419 1731 2,
437 1675 515 1721 scribit
526 1674 644 1722 Platonem
654 1676 679 1721 in
690 1674 781 1721 ltaliam
791 1674 876 1736 profec-

131 1766 180 1809 tum
197 1763 320 1810 ‘Parentum
336 1764 436 1821 venisse,
454 1764 507 1811 inde
525 1765 656 1811 arcessitum
673 1763 771 1810 aDione
783 1763 875 1825 Syracu·

131 1868 166 1897 sas
188 1852 310 1898 transiisse.
345 1852 422 1899 Cicero
447 1869 537 1914 quoque
559 1852 614 1920 locis
632 1869 707 1915 supra
728 1851 826 1898 laudatis
845 1853 874 1914 (p.

132 1940 187 2000 167)
205 1939 327 1986 adrentum
343 1940 368 1986 in
384 1939 475 1986 ltaliam
493 1946 515 1986 et
530 1941 554 1987 in
568 1939 667 1987 Siciliam
685 1941 802 2002 conjungit
814 1940 876 1985 11111-

131 2033 189 2075 serte
205 2033 302 2075 testatur
320 2045 370 2075 eum
388 2028 511 2075 Tarentum
529 2029 616 2075 venisse
632 2034 676 2086 „ut
689 2028 830 2090 Pythagorae
843 2029 875 2074 in-

130 2120 197 2163 venta
219 2115 368 2178 perdisceret,
393 2132 489 2177 eumque
512 2121 534 2163 11
557 2133 609 2163 cum
631 2116 732 2178 Archyta
753 2115 875 2162 Tarentino

131 2208 153 2249 et
176 2219 227 2250 cum
247 2203 338 2251 Timaeo
363 2203 436 2250 Locro
459 2204 559 2251 multum
575 2204 645 2250 fuisse
663 2208 685 2250 et
701 2203 799 2250 Philolai
817 2219 875 2249 com-

130 2285 250 2338 mentarios
268 2309 315 2339 esse
332 2296 437 2349 nactum3
456 2286 572 2354 quumque
587 2309 612 2339 1ο
626 2296 726 2354 tempore
737 2292 762 2338 in
773 2291 808 2338 his
820 2291 875 2338 locis

130 2377 271 2441 Pythagorae
287 2396 370 2426 nomeu
389 2381 484 2442 vigeret,
501 2380 567 2426 illum
585 2397 608 2427 se
619 2384 641 2425 11
652 2379 782 2426 hominibus
793 2379 875 2440 Pytha-

130 2466 202 2526 goreis
225 2472 247 2512 et
269 2467 359 2525 studiis·
374 2467 420 2514 illis
443 2467 553 2515 [11111111.υ
598 2467 728 2513 Secundum
750 2467 874 2528 Apuleium

129 2554 206 2616 (supra
223 2571 245 2616 p.
265 2556 320 2616 165)
337 2555 372 2602 bis
389 2555 502 2617 profectus
521 2561 555 2602 est
571 2555 596 2602 in
613 2554 703 2602 Italiam
720 2559 746 2600 ut
763 2553 875 2616 Pythago-

131 2684 272 2692 m—

153 2775 171 2819 l)
185 2775 244 2811 Etiam
260 2776 366 2812 Plutarchus
382 2777 425 2813 dicit
443 2778 535 2814 Platonem
549 2781 571 2821 ἐξ
589 2778 685 2819 Ἰταλίας
698 2781 721 2819 εἰς
734 2780 837 2826 Συρακούσας
845 2787 872 2814 ve-

127 2844 182 2888 nisse3
195 2846 225 2881 sed
237 2846 289 2882 huius
301 2847 399 2883 testimonii
410 2848 456 2884 ratio
469 2849 548 2885 habenda
561 2861 595 2884 nou
609 2852 645 2891 est,
658 2848 699 2896 quia
712 2851 800 2896 auctorem
813 2849 871 2895 sequi-

127 2920 158 2953 tur
170 2917 274 2964 Epistulam.
299 2917 339 2954 vid.
352 2918 390 2954 Vn.
403 2920 457 2955 Dion.
470 2932 485 2956 c.
499 2922 516 2956 4.
