1932 3115
426 189 427 192 Ἴ
488 134 534 178 aaa

140 291 202 347 gesta
221 285 330 333 refutaret
346 303 444 347 eumque
458 286 527 333 talem
544 287 614 333 luisse
632 287 760 333 ostenderet
765 308 771 344 3
788 288 827 348 qni
839 304 887 333 non

139 374 229 420 tantum
251 374 336 431 verbis,
364 374 402 420 sed
427 375 493 421 etiam
516 375 580 421 factis
597 375 765 437 philosophiam
781 375 810 422 ad
827 355 884 422 salin

139 466 184 507 tem
202 461 320 531 hominnm
337 469 359 508 61
377 463 493 508 civitatum
513 463 613 509 conferre
631 463 736 510 studeret.
768 478 769 481 ’

173 548 281 607 Quamvis
302 555 378 596 aut-em
396 566 422 596 ex
439 551 474 618 liis
492 551 545 596 satis
563 557 681 613 appareat,
699 550 813 613 Epistolas
831 546 883 607 lias,

139 637 249 698 imprimis
271 643 317 683 tres
340 638 390 684 illas
414 654 470 699 quas
493 638 552 694 dini,
578 655 624 684 non
645 656 692 685 esse
710 639 823 688 habendas
840 655 886 685 mo-

140 729 275 771 numentum
299 741 343 786 qno
367 726 468 772 Platonis
486 726 544 782 vita,
562 742 648 782 moros,
667 727 771 773 voluntas
789 736 811 773 61
828 727 885 772 ratio

140 812 198 858 olane
221 829 324 874 expressa
347 813 405 868 sint,
429 829 475 859 non
497 819 573 860 tamen
595 813 681 859 nullius
703 795 813 859 momenti
833 818 886 859 sunt
932 801 934 803 i

140 899 260 960 putandae.
294 898 355 946 Nam
378 905 534 962 praeterquam
555 900 616 962 quod
633 900 752 963 praeclaris
770 900 886 946 sententiis

140 993 249 1050 tanquam
266 989 360 1050 gemmis
376 989 451 1035 nitent
472 994 494 1035 61
508 988 606 1051 plurima
626 989 742 1035 continent
753 989 885 1034 imitationis

141 1078 235 1139 vestigia
252 1094 263 1123 6
281 1077 374 1123 diversis
391 1076 492 1123 Platonis
511 1077 606 1138 dialogis
624 1093 739 1139 expressa,
758 1084 812 1122 sunt
828 1081 886 1122 66116

104 1214 106 1216 ,
140 1166 165 1212 in
180 1166 337 1212 vetustissimis
351 1165 490 1212 numeranda
503 1166 655 1211 monumentis
671 1181 728 1226 quae
742 1165 770 1211 do
785 1164 886 1211 Platonis

141 1254 188 1299 vita
205 1257 227 1299 61
243 1253 310 1300 rebus
328 1252 357 1299 ad'
368 1270 409 1299 nos
421 1258 584 1315 pervenerunt,=
604 1251 735 1298 conducunt
748 1252 776 1298 ad
788 1251 888 1314 dispersa

142 1341 310 1404 deperditorum
328 1341 462 1403 scriptorum
478 1341 562 1387 indicia
579 1340 725 1397 illustranda,
744 1347 848 1402 suspecta
864 1346 887 1386 et

137 1424 198 1476 'falsa
220 1447 233 1476 a
255 1431 313 1476 veris
336 1427 471 1475 secernenda
477 1449 484 1486 3
503 1428 603 1491 deniqne
621 1428 757 1484 ostendunt,
776 1428 888 1489 quomodo

140 1518 187 1578 jam
204 1518 305 1579 proximo
322 1524 374 1579 post
390 1516 492 1563 Platonis
509 1521 603 1570 mortem
623 1516 698 1562 seculo
713 1515 775 1561 illius
788 1515 890 1562 doctrina

142 1610 165 1652 61
186 1604 362 1668 philosophandi
384 1606 442 1652 ratio
470 1605 602 1651 commentis
625 1604 748 1650 deformata
770 1609 889 1664 611111116-

143 1674 228 1740 riorirm
244 1693 306 1739 nube
322 1692 426 1739 involuta
443 1693 480 1738 sit.
