1932 3115
491 151 537 194 236

141 301 209 347 vitam
229 305 252 347 et
268 319 340 347 mores
358 301 463 348 conviciis
481 302 675 360 eor'rtaminarunt,
695 320 744 349 eum
758 303 834 364 gulae,
848 302 884 348 de-

141 389 198 434 liciis
216 394 238 435 et
254 389 387 436 libidinibns
404 389 525 436 indulsisse
543 389 648 436 dicentes.

174 476 263 522 Horum
287 477 373 538 primus
398 476 442 522 fnit
464 476 639 538 Aristophanes,
663 478 715 539 qui,
739 479 757 523 si
781 494 832 522 vera
850 482 884 522 est

142 562 250 609 lleinekii
274 563 397 619 sententia,
412 564 427 624 ¹)
453 563 593 621 Ἀριστύλλαυ
618 565 709 611 nomine
735 549 882 621 Aristoclem,

141 650 202 711 quod
214 650 304 697 Platoni
320 667 403 698 nomen
418 651 474 707 fnit,
493 650 543 697 risit
554 651 578 697 in
589 651 657 698 Pluto
669 669 701 697 us.
715 654 775 709 am,
793 652 848 697 item
859 651 883 697 in

139 737 311 795 lleclesiazusis,
334 738 375 784 uhi
391 737 531 784 Platonicam
548 740 661 786 Πολιτείαν
678 740 702 785 in
720 740 790 785 risum
808 740 881 785 vertit.

140 825 228 872 Deinde
245 825 373 887 Epicrates,
392 826 444 886 qui,-
462 830 520 872 teste
538 826 667 883 Athenaeo,
685 825 722 884 H,
740 844 762 888 p.
776 829 818 884 tl,
831 844 883 873 eum

140 915 164 960 in
179 931 267 983 scenam
279 913 386 976 produxit
402 915 464 975 gravi
477 914 544 961 uultu
559 914 587 961 de
599 915 717 961 cucurbita
728 914 882 976 disputantem

141 1019 192 1050 cnm
209 1002 336 1066 Speusippo
355 1007 377 1049 et
393 1002 534 1049 Menedemo.
556 1003 614 1049 Tum
632 1003 727 1065 Amphis
745 1003 882 1049 1111111111-

140 1090 212 1147 mide,
235 1091 259 1137 in
284 1107 329 1151 qua
351 1089 428 1137 tabula
448 1106 499 1136 eum
515 1091 583 1136 refert
599 1090 695 1137 istorum
712 1091 736 1136 in
753 1106 882 1147 numerum,

140 1196 236 1240 qnorum
253 1178 378 1230 affectatam
390 1178 434 1224 oris
445 1178 560 1224 tristitiam
571 1178 630 1224 ridet
641 1177 655 1224 J
656 1178 770 1235 uvenalis,
786 1178 826 1240 qui
838 1195 884 1225 eor-

140 1270 220 1328 rngata
241 1282 327 1328 semper
347 1266 420 1312 trente
438 1265 606 1327 perambulant:
624 1263 639 1312 d
656 1266 797 1314 Πλαίταν...
815 1265 884 1325 ὥσπερ

140 1353 232 1412 κοχλίας
244 1358 325 1409 σεμνῶς
337 1354 428 1413 ἐπηρκὼς
440 1354 481 1406 τας
492 1356 564 1413 ὀφρῦς.
582 1354 657 1416 (Diog.
666 1353 742 1400 Laert.
752 1353 801 1411 111,
814 1355 882 1416 aaa)

141 1441 240 1488 Maxime
251 1457 303 1487 vero
315 1441 436 1502 exagitavit
447 1456 499 1486 eum
510 1440 598 1497 Alexis,
617 1440 657 1502 qui
668 1440 745 1504 plnres
757 1441 884 1503 composuit

107 1544 113 1552 ⁴*
140 1528 240 1585 fabulas,
258 1545 355 1589 quarum
372 1533 469 1589 quatuor
486 1528 631 1587 nominantur
649 1545 661 1574 a
677 1527 768 1575 Laertio
779 1528 818 1575 lib.
831 1527 882 1586 ΙΙΙ,

141 1618 154 1679 d
177 1619 221 1674 27,
247 1618 379 1677 Ἀραυλίωα,
409 1615 514 1678 Μερατὶς,
540 1614 724 1676 Ὀλυμπιόδωρος,
748 1616 883 1675 Hermionen,

140 1707 164 1753 in
182 1705 264 1767 quibus
279 1705 345 1752 Plato
362 1722 413 1751 eum
429 1705 478 1751 risu
490 1710 590 1752 notatur.
608 1705 669 1767 (Vid.
687 1705 805 1763 Meineke,
823 1705 883 1752 Hist.

141 1796 190 1841 erit.
210 1794 273 1840 Gom.
290 1793 315 1851 I,
333 1811 355 1855 p.
375 1795 438 1855 380).
463 1792 511 1839 Alii
529 1810 580 1839 enm
599 1793 764 1856 descripserunt
775 1798 884 1855 tanquam

141 1882 255 1928 hominem
279 1881 382 1939 mollem,
408 1898 530 1943 puerorum
555 1881 668 1928 amoribus
688 1880 803 1938 deditum,
828 1882 885 1928 eins-

142 1988 186 2032 que
208 1970 314 2033 discipuli
336 1970 490 2032 depinguntur
507 1975 534 2038 11
550 1969 703 2016 adolescentes
720 1969 774 2016 belli
792 1969 884 2016 1111111-

142 2059 198 2115 cati,
221 2059 291 2105 fastus
309 2075 335 2104 ac
352 2058 474 2120 voluptatis
491 2058 562 2119 magis
580 2074 647 2119 qnam
664 2057 821 2120 philosophiae
839 2062 885 2103 stn-

142 2146 207 2193 diosi.
242 2146 295 2193 Huc
325 2146 453 2193 referuntur
483 2162 560 2192 uersus
584 2145 684 2207 Ephippi
706 2145 731 2192 in
754 2144 883 2206 Naufrago,

143 2235 204 2297 apud
226 2235 370 2282 Athenaeum
393 2233 440 2291 XI,
464 2251 487 2296 p.
510 2236 555 2280 509
575 2233 606 2290 C,
624 2233 664 2280 ubi
684 2233 818 2281 describitur
834 2232 885 2279 ado·

142 2324 227 2371 lescens
240 2328 281 2371 τῶν
298 2323 322 2387 ἐξ
338 2323 484 2379 Ἀκαδημείας
496 2340 527 2375 τις
540 2321 580 2369 ὑπὸ
591 2320 716 2377 Πλάτωνας,

241 2411 264 2459 εὖ
280 2397 319 2467 μὲν
339 2411 442 2471 μαχαίρᾳ
458 2409 519 2467 ξύστ’
536 2410 593 2469 ἔχων
609 2411 752 2469 τριχώματα,

241 2499 264 2549 εὖ
282 2498 426 2552 δ’ὑτοκαθιεὶς
442 2499 517 2556 ἄτομα
533 2498 632 2555 πώγωνας
649 2498 720 2555 pala,

241 2587 265 2637 εὖ
282 2588 328 2635 δ’ἑν
345 2587 423 2646 πεδίλῳ
440 2586 496 2634 node
511 2587 575 2640 τιθεὶς
589 2586 696 2645 ὑταξύλῳ,
713 2587 758 2633 ατὲ.
827 2586 830 2591 ’

177 2677 273 2724 Comieis
296 2676 368 2739 potitis
389 2675 451 2722 haud
473 2675 573 2726 mitiores
596 2675 697 2741 Platonis
722 2674 804 2729 aemuli
823 2674 885 2721 luere

143 2766 273 2831 philosophi
289 2764 403 2812 Socratici.
426 2763 491 2810 Licet
509 2764 568 2810 enim
584 2767 716 2825 exaggerata
732 2762 777 2809 sint
789 2779 845 2825 qnae
857 2761 885 2809 de

143 2891 268 2899 Μ

168 2973 185 3019 1)
198 2971 239 3007 vid.
252 2982 313 3017 snpra,
326 2982 344 3017 p.
358 2970 393 3006 125
406 2982 432 3017 sq.
