1932 3115
556 154 572 197 1

226 303 329 351 Primum
337 322 374 351 eas
384 304 476 351 adortus
485 307 519 349 est
530 303 664 350 Meinersius
674 303 801 371 (inGomm.
811 303 860 349 Soc.
871 301 934 348 tht

196 391 327 439 118111.
345 392 374 440 11,
392 409 442 455 pag.
461 393 508 453 51),
526 391 566 453 qui
582 397 609 437 ut
625 391 819 454 Pythagoreorum
837 407 894 452 quae
905 389 937 435 f-

193 485 276 527 runtur
297 481 402 543 reliquias
428 479 558 527 subditicios
580 496 627 526 esse
652 485 717 527 acute
741 480 851 536 ostendit,
874 477 934 524 idem

192 551 304 630 judicium
325 570 381 617 tulit
402 586 452 617 cum
474 569 501 615 de
518 568 567 614 aliis
584 569 701 616 nonnullis
718 568 883 616 Socraticorum
900 585 933 614 re-

194 657 271 719 liquiis
291 663 341 705 tum
363 658 391 704 de
413 657 513 704 Platonis
535 656 656 719 llpistolis,
682 658 707 704 in
729 657 811 720 quibus
834 656 935 704 animad-

194 746 261 792 vert't
283 745 348 808 plura
370 746 440 792 inesse
457 760 514 806 quae
531 744 633 791 Platonis
656 745 736 802 aetati,
759 744 863 807 ingenio,
886 760 934 789 sen-

194 833 278 879 tentiae
293 850 340 879 non
356 837 487 894 congruant.
522 832 567 879 Hic
584 849 661 879 omnes
680 832 731 880 illas
749 832 856 897 epistolas
867 830 932 878 nulla

195 926 290 982 excepta·
302 920 388 983 spurias
405 920 492 967 habuit.
507 920 525 982 1)

227 1009 342 1056 Meinersii
358 1010 501 1067 sententiam,
519 1009 590 1071 magis
608 1009 636 1056 ob
654 998 766 1071 opinionis
778 1009 901 1055 novitatem
913 1013 935 1054 et
952 1031 954 1034 ·

194 1097 309 1144 audaciam
326 1114 394 1160 quam
410 1098 438 1144 ob
456 1103 640 1159 argumentorum
652 1097 741 1160 pondus
753 1078 933 1153 memorabilem,

193 1185 355 1248 impugnarunt
372 1186 419 1248 ejus
436 1186 540 1248 aequales
551 1186 738 1243 TennemannuS,
755 1183 933 1239 Tiedemannus,

193 1273 398 1335 Morgenstemius,
412 1274 454 1321 riri
470 1275 495 1321 in
512 1278 586 1322 vetere
602 1274 756 1337 philosophia,
774 1274 894 1336 praecipue
910 1273 935 1319 in

193 1360 294 1408 Platonis
312 1362 413 1409 doctrina
428 1362 575 1419 illustranda,
594 1379 645 1409 cum
662 1362 729 1409 laude
746 1362 835 1408 uersati.

226 1449 260 1496 Er
277 1450 312 1496 his
324 1451 430 1497 acerrime
440 1450 562 1498 Meinersio
575 1451 664 1498 obstitit
675 1450 860 1506 Pennemarmus,
874 1449 932 1511 Syst.

194 1537 233 1584 der
254 1537 311 1585 Plat.
335 1538 394 1585 Phil.
412 1538 432 1585 I.
451 1556 473 1601 p.
493 1541 630 1587 roc-111.
658 1538 738 1586 Gesclr.
757 1539 797 1585 der
812 1537 873 1584 Phil.
890 1536 933 1583 Vl.

193 1642 223 1687 p·
236 1627 295 1672 lor:
317 1626 357 1687 qui
378 1626 495 1691 contendit
517 1626 623 1689 epistolas
642 1626 705 1684 illas,
729 1627 748 1673 si
772 1626 830 1672 forte
851 1641 934 1687 paucas

194 1714 299 1775 excipias,
316 1719 363 1761 tam
379 1715 453 1762 verbis
470 1732 538 1777 quam
556 1715 672 1762 sententiis
689 1715 722 1761 ita
738 1715 820 1761 1111111
831 1713 932 1760 Platonis

192 1802 320 1863 ingenium,
343 1807 370 1849 ut
386 1803 502 1850 habendae
520 1804 565 1850 sint
581 1803 787 1850 luculentissimum
804 1818 935 1848 monumen-

193 1894 242 1936 tum
262 1890 322 1937 unde
344 1890 474 1953 philosophi
496 1891 555 1938 vitae
576 1891 720 1948 institutum,
739 1889 834 1937 docendi
850 1889 935 1935 metho-

193 1976 236 2023 dus
254 1982 321 2039 atque
336 1978 431 2025 interior
448 1979 551 2026 doctrina
567 1984 722 2049 cognoscatur.
735 1979 754 2041 2)

219 2115 237 2159 l)
250 2114 307 2149 Verba
324 2113 361 2160 ejus
377 2114 420 2150 haec
436 2118 489 2151 sunt:
507 2115 569 2158 „Licet
584 2118 627 2151 'vero
644 2115 725 2151 Ciceroni
741 2114 837 2162 plurimum
849 2115 935 2158 tribuam,

193 2196 267 2231 aequum
283 2188 343 2221 tamen
359 2197 395 2222 non
412 2188 439 2222 est
455 2186 510 2233 ipsius
525 2186 650 2223 auctoritatem
668 2186 772 2234 plusquam
785 2185 877 2222 veritatem
890 2185 936 2233 apud

193 2268 222 2291 me
234 2256 297 2293 valere.
322 2257 423 2294 Certissima
441 2257 488 2294 enim
500 2257 544 2294 mihi
557 2269 659 2306 persuasum
672 2257 736 2302 habeo,
749 2257 800 2293 illum
812 2256 864 2293 falsas
877 2256 936 2292 Plato·

194 2327 221 2362 nis
238 2327 319 2373 epistolas
336 2341 371 2364 non
388 2330 473 2365 attentius
489 2328 552 2377 legisse
569 2331 588 2365 et
605 2329 712 2365 examinasse
727 2339 782 2376 ‘quam
800 2328 850 2364 fictas
868 2327 936 2363 Zaleuci

193 2398 249 2445 leges,
262 2410 304 2445 quas
317 2399 370 2435 etism
381 2411 413 2446 pro
426 2400 471 2436 veris
484 2400 599 2448 accipiebat.''
920 2421 922 2423 ·

218 2468 236 2513 2)
248 2468 291 2514 Pag.
304 2470 349 2505 108:
363 2470 417 2514 „Wer
428 2471 541 2507 Platonische
554 2471 641 2507 schriften
656 2455 725 2518 gelesen
738 2470 777 2513 hat,
789 2469 833 2505 wird
846 2469 890 2505 anch
899 2468 937 2505 hier

195 2539 242 2575 seinc
255 2540 331 2586 Spmche
343 2542 445 2578 Ausdriicke
462 2542 499 2579 und
515 2523 630 2590 Wenrlungen
642 2542 775 2584 wiederfinden,
792 2552 812 2576 so
824 2539 937 2576 verschieden

124 2621 126 2626 ’
194 2609 239 2646 auch
256 2611 337 2658 iibrigens
355 2612 385 2649 der
401 2613 488 2662 Briefstyl
505 2614 542 2649 sein
558 2625 604 2661 mag.
624 2614 653 2649 '‘Es
665 2613 747 2649 kommen
760 2624 779 2648 so
792 2611 837 2647 viole
849 2612 938 2648 1111111111-

194 2679 240 2716 11111
252 2680 371 2718 Nachrichten
384 2695 414 2719 aus
427 2683 467 2720 dem
479 2683 592 2720 Privatleben
610 2683 639 2719 des
656 2682 761 2731 Dionysius,
778 2681 936 2718 seinenr'Verhtlt·

195 2750 240 2785 nisse
258 2752 294 2786 und
313 2752 399 2800 Betragen
418 2766 473 2802 gagen
491 2755 525 2791 den
543 2755 606 2798 Plato,
625 2738 691 2789 seinem
708 2765 774 2800 gcnzen
787 2753 936 2797 Charakoma,

195 2821 231 2857 und
243 2821 285 2857 alles
298 2822 334 2858 dies
346 2824 370 2860 ist
381 2825 415 2861 mit
427 2837 446 2861 so
464 2826 521 2862 vielen
537 2826 607 2862 kleinen
625 2824 831 2867 Umsta'mlenverwebt,
845 2825 883 2861 dass
895 2824 936 2860 Nie-

194 2893 246 2929 mand
265 2882 327 2930 andeis
345 2895 370 2931 als
383 2896 411 2931 ein
423 2897 487 2940 Manu,
505 2898 536 2933 der
548 2899 663 2945 Augenzeuge
681 2908 715 2933 von
732 2896 771 2932 dem
784 2895 836 2931 Allen
849 2907 893 2938 war,
907 2895 937 2931 der

194 2964 284 3000 Verfasser
296 2977 331 3001 von
343 2966 436 3003 desselben
449 2969 486 3004 sein
498 2969 563 3005 kann.'’
