1932 3115
407 146 436 189 25

26 349 27 352 ,
82 299 168 353 Harum
195 279 348 363 Epistolarum
372 298 472 358 quinque
498 294 624 357 prioribus,
648 290 728 346 lfflV,
751 289 793 334 hoo

6 435 8 437 .
51 407 169 441 commune
192 387 313 435 consilium
335 385 424 441 subest,
446 384 507 446 quod
525 381 616 443 quidem
632 376 794 425 1111111111Β

50 481 167 530 manifeste
188 492 241 539 prae
264 492 287 520 ee
303 475 389 530 lerunt,
406 478 434 519 ut
448 472 566 518 Platonem
584 485 597 514 a
613 466 705 513 diversis
722 481 794 526 repre·

51 566 197 616 tensionibus
215 563 343 626 defendant.
372 561 490 607 Praeterea
507 558 569 605 aliud
586 561 619 602 est
632 556 657 601 in
669 571 712 616 quo
723 553 795 599 trede-

51 657 95 704 cim
112 653 218 717 epistolae
236 655 329 698 amictae
346 650 493 704 conveniunt,
507 646 569 708 quod
581 661 663 705 nempe
676 642 795 688 Platonem

52 744 117 791 nobis
134 742 265 805 proponunt
276 755 322 784 non
334 738 408 784 solum
419 741 446 783 ut
456 734 629 798 philosophum,
642 731 682 789 sed
692 735 720 776 ut
731 727 796 787 ἄνδρα

52 829 171 885 πολιτικόν,
190 828 229 889 qui
246 843 298 873 cnm
314 825 454 888 principibus
472 839 525 868 suae
543 821 621 868 aetatis
638 820 691 866 viris
707 823 729 864 et
740 817 797 878 regi-

54 920 96 966 bus
122 916 228 963 familiari
251 912 415 961 consuetudine
439 912 531 974 junctus
555 913 613 955 esset
636 907 663 954 ab
680 906 753 966 iisque
771 905 796 950 in

52 1007 119 1053 rebus
136 1004 250 1051 civitatem
265 999 411 1063 tangentibus
422 1005 531 1060 tanquam
538 996 608 1060 juder
618 999 641 1042 et
650 994 732 1041 arbiter
741 993 797 1039 cole-

52 1099 122 1141 retur.
142 1091 224 1152 ltaque
241 1091 283 1136 boc
301 1089 369 1135 ctiam
386 1104 412 1133 eo
430 1086 494 1133 ducit
510 1091 537 1132 ut
549 1084 677 1139 credamus,
691 1081 796 1143 epistolas

54 1182 107 1237 lias,
126 1195 263 1241 quamquam
281 1176 431 1239 praestantiae
448 1174 519 1237 gradu
537 1174 647 1235 dispares,
666 1188 693 1218 eu
708 1187 755 1217 una
766 1174 799 1216 ta·

54 1285 106 1314 men
123 1266 188 1328 quasi
205 1265 293 1312 officina
310 1251 493 1326 esse-prolectas,
509 1265 524 1324 ¹)

86 1355 130 1401 Sed
146 1358 174 1400 ut
190 1353 303 1400 scribendi
319 1352 412 1399 consilio
431 1357 453 1398 et
470 1355 601 1412 argumento
619 1348 726 1411 epistolae
740 1348 799 1393 inter

55 1460 78 1489 se
93 1444 185 1505 junctae
203 1446 269 1497 sunt,
287 1441 320 1487 ita
336 1441 403 1488 etiam
420 1439 540 1487 intercedit
556 1440 584 1485 iis
601 1437 699 1500 ingenii,
714 1437 798 1498 figurae

53 1532 183 1592 formaeque
200 1529 355 1577 convenientia
372 1534 394 1575 et
411 1529 476 1590 quasi
492 1527 596 1590 cognatio
614 1526 731 1589 quaedam.

87 1617 111 1664 Si
126 1618 243 1679 ingenium
260 1618 378 1664 scribentis
396 1617 512 1674 attendas,
530 1617 616 1677 ubique
632 1615 696 1662 iniis
708 1618 801 1677 apparet
830 1679 832 1681 ι

55 1706 79 1760 τὸ
95 1705 217 1766 φιλόδοξον
236 1706 369 1767 sapientiam
386 1722 438 1757 non,
446 1710 539 1767 propter
555 1722 579 1751 se
593 1705 668 1750 solum
679 1703 719 1750 sed
730 1719 800 1764 aeque

54 1800 145 1856 propter
176 1794 295 1840 hominnm
318 1793 447 1856 opinionem
475 1798 498 1839 et
525 1793 621 1855 gloriam
652 1808 719 1853 quam
742 1791 800 1853 parit

55 1881 202 1943 expetendam
219 1898 273 1928 esse.
311 1881 376 1928 (llere
393 1881 436 1927 hoc
453 1882 568 1942 eloquitur
584 1880 687 1942 Epistola
704 1879 742 1935 Π,
760 1878 800 1925 ubi

14 1971 16 1975 ’
55 1969 84 2015 ad
105 1969 240 2031 Dionysium
256 1969 312 2016 haec
329 1969 418 2026 scribit,
436 1986 458 2031 p.
477 1971 523 2015 311
542 1968 572 2026 O:
594 1967 680 2024 dodran
697 1967 755 2025 γὰρ,
773 1969 800 2018 ὡς

55 2055 115 2111 ἔοικε,
141 2058 213 2112 μέλειν
242 2059 292 2113 ἡμῖν
317 2058 354 2104 acl
381 2062 418 2103 τοῦ
446 2057 522 2103 ἔπειτα,
550 2056 634 2115 χρόνον,
667 2055 738 2109 ἐπειδὴ
762 2053 800 2101 aa}

55 2144 188 2202 τυγχάνουσι
205 2145 265 2191 κατά
280 2163 329 2192 τινα
343 2143 408 2205 φύσιν
421 2146 439 2192 οἱ
453 2144 492 2202 μὲν
509 2134 729 2204 bambanem
744 2143 801 2190 οὐδὲν

6 2278 7 2281 ,
55 2231 199 2291 φροντίζοντες
222 2235 300 2292 αὐτοῦ,
326 2233 344 2279 οἱ
361 2232 379 2278 3?
387 2233 540 2279 ἐπιεικέστατοι
557 2234 601 2278 aar
618 2236 724 2284 ποιοῦντες
744 2229 819 2286 ὅπως

56 2317 82 2364 dr
97 2319 126 2371 εἰς
142 2318 177 2366 τὸν
194 2319 271 2366 ’ἔπειτα
286 2320 360 2379 χρόνον
377 2318 400 2367 εὖ
412 2320 535 2367 ἀκούσωσιν.
553 2319 588 2366 Of.
600 2337 623 2381 p.
636 2321 683 2366 312
696 2318 722 2366 G.
742 2318 801 2366 Cum

81 2457 99 2500 1)
112 2456 178 2492 Similis
195 2458 231 2492 fere
247 2460 274 2492 est
292 2457 364 2492 Socheri
379 2456 439 2504 opinio
457 2456 560 2492 scribentis:
579 2457 620 2499 „Sic
637 2457 670 2503 (nl.
690 2457 718 2491 die
734 2457 802 2499 Briefe)

57 2528 130 2570 „stchen
143 2529 162 2563 in
174 2528 244 2563 keinem
253 2528 398 2564 ansdriicklichcu
407 2528 476 2575 Bezugc
485 2529 517 2563 auf
524 2528 617 2571 einander3
630 2529 655 2563 sie
662 2528 802 2575 uidersprechen

57 2598 106 2641 „sich
118 2611 168 2646 segur
182 2599 264 2634 einander
277 2599 341 2642 ofters3
354 2598 394 2634 aher
407 2599 437 2634 ein
445 2593 687 2646 Γ6111111111111111111111113111111
695 2598 803 2645 nmschlingt

58 2669 105 2712 ‚‚sie,
124 2669 151 2705 die
167 2669 315 2717 Rechtfertigung
331 2669 461 2716 politisircnder
472 2669 598 2716 Philosophie,
610 2670 648 2705 und
660 2682 700 2706 rum
711 2670 763 2706 Theil
775 2670 803 2706 die
858 2715 861 2718 y

58 2740 187 2787 „Behauptung
205 2741 253 2779 einer
269 2740 361 2787 gcheimen
377 2740 468 2776 Weisheit.
494 2740 548 2776 Einer
564 2728 636 2777 incolite
648 2727 765 2789 dannfang
776 2754 804 2789 ge-

59 2811 129 2853 „mecht
147 2812 204 2847 haben
221 2815 274 2848 etwas
293 2813 337 2847 111111·
354 2812 382 2848 die
400 2812 509 2848 Sikelischen
523 2813 601 2849 Vorfalle
612 2813 632 2848 111
644 2814 699 2849 Fortu
711 2815 758 2849 eines
770 2813 804 2849 mit

59 2880 144 2934 „Platone
161 2881 229 2917 Nomen
248 2883 372 2919 bezeichneteu
391 2884 460 2919 Briefcs
479 2884 557 2920 bekannt
576 2896 597 2919 zu
616 2885 700 2927 1111111113
721 2875 802 2921 Andereri

59 2953 136 3001 „folgten
149 2954 188 2990 ihm
200 2955 246 2993 dann
258 2954 283 2991 im
296 2955 382 3003 gleichem
395 2956 454 2995 Geist'e
466 2956 530 2992 nach.’'
