1932 3115
486 132 532 175 tlt

135 284 214 340 nione,
227 283 344 342 Platonem
360 283 443 345 placita
455 299 496 328 sua
508 282 535 329 de
547 283 614 329 rebus
626 283 708 330 divinis
721 289 817 345 augusta
828 300 881 344 qua·

136 371 188 417 dam
204 372 360 433 mysteriorum
378 371 439 418 nube
451 371 584 428 involvisse,
598 387 668 432 eaque
680 377 706 418 ut
718 372 800 433 vulgus
812 371 882 417 homi·

89 524 91 528 V
135 477 190 506 num
213 460 342 522 superantia
358 461 435 522 paucis
452 465 541 507 tantum
562 461 627 521 quasi
650 460 679 506 ad
696 461 803 507 interiora
820 477 882 506 sacra

136 547 238 594 admissis
253 548 379 615 aperuisse,
394 548 466 594 oritur·
476 548 590 609 quaesti0,
601 565 656 594 num
665 549 690 594 in
702 548 802 594 Platonis
815 549 882 610 scrip-

135 636 164 681 tis
182 635 287 697 legantur
304 652 361 697 quae
378 635 431 681 huie
449 636 551 697 opinioni
568 635 644 681 locum
659 635 711 682 dare
728 636 850 698 potuerint.

168 722 222 769 Non
245 724 304 785 fugit
320 722 439 769 Platonem
456 723 628 769 multitudinem
646 724 763 770 abhorrere
782 741 794 769 a
810 723 882 785 philo-

138 811 217 873 sophia
238 817 260 858 et
277 811 350 858 odisse
367 811 526 873 philosophos,
546 827 601 872 quos
618 817 726 873 tanquam
744 812 883 869 μετεωροσκό-

138 916 189 951 aava
213 904 235 945 et
256 898 380 956 ἄεροβοίτος
403 898 471 959 vulgo
489 898 569 955 rideri,
588 899 713 955 contemni,
732 899 819 961 sperni,
836 900 882 945 imo

138 987 216 1032 exsilio
240 992 263 1033 et
284 992 357 1033 morte
380 987 447 1043 affici,
471 992 518 1032 tam
536 986 631 1033 aliorum
648 1004 715 1049 quam
733 986 829 1033 Socratis
847 989 883 1033 sui

139 1075 240 1137 exemplo
258 1074 352 1121 edoctus·
370 1080 423 1121 erat.
458 1074 585 1121 Luculenta
605 1080 627 1121 et
644 1075 707 1136 gravi
724 1076 824 1121 oratione
841 1075 883 1121 lrac

139 1162 166 1208 de
188 1179 211 1208 re
235 1162 336 1225 disputat
359 1162 387 1208 de
404 1161 459 1224 nep.
477 1162 524 1219 Ἦ,
543 1180 565 1224 p.
586 1164 724 1209 489-490.
758 1162 809 1209 Jam
828 1162 883 1224 quid

138 1249 208 1310 magis
233 1254 409 1296 consentaneum
431 1249 501 1296 videri
524 1255 612 1311 poterat
643 1267 711 1311 quam
739 1251 779 1311 qui
801 1251 833 1296 ita
856 1250 883 1296 de

138 1336 291 1383 multitudinis
315 1337 420 1398 opinione
443 1337 547 1393 sentiret,
572 1354 623 1383 eum
646 1338 729 1383 cavisse
751 1355 780 1384 ne
804 1338 884 1384 doctri-

140 1441 182 1470 nae
204 1424 288 1486 placita
310 1424 489 1486 intelligentibus
506 1429 596 1471 tantum
613 1430 666 1486 apta
682 1425 706 1471 in
724 1425 806 1486 vulgus
823 1424 884 1471 effer-

139 1516 230 1567 rentur,
249 1527 319 1571 eaque
336 1510 391 1556 adeo
409 1503 448 1556 aut
466 1510 590 1557 occultasse
602 1515 641 1556 aut
651 1527 698 1556 non
706 1511 751 1556 nisi
759 1516 818 1557 tecte
827 1515 849 1556 et
858 1511 883 1557 δι’

138 1599 241 1655 οῐοογμῶο
259 1597 412 1659 significasse?
446 1596 495 1644 Nec
515 1598 668 1644 scrutantibus
686 1598 762 1644 deesse
781 1604 884 1660 poterant

138 1686 221 1732 indicia
244 1686 326 1747 quibus
349 1686 407 1731 hanc
431 1686 559 1747 opinionem
583 1686 651 1732 semel
674 1677 801 1748 susceptam
819 1686 884 1732 fulci-

136 1780 194 1820 rent.
228 1773 294 1820 Plato
312 1774 371 1820 emm
388 1773 429 1820 ubi
446 1774 534 1820 abditas
552 1775 694 1835 quaestiones
711 1779 806 1831 tractat,
824 1791 884 1836 prae-

138 1862 214 1908 sertim
231 1862 259 1908 de
276 1862 387 1924 principio
406 1867 428 1907 et
445 1861 472 1907 de
490 1863 534 1907 fine
550 1879 624 1908 rerum
642 1862 885 1919 omnium-interdum

138 1951 168 1996 sic
188 1950 290 2011 loquitur
312 1955 338 1996 ut
359 1967 384 1996 ea
402 1949 497 1995 divinari
515 1950 591 2011 potius
609 1966 678 2010 quam
695 1949 799 1995 distincte
817 1950 882 1996 intel-

137 2036 178 2099 ligi
203 2042 225 2083 et
248 2037 354 2100 explicari
376 2054 441 2099 posse
464 2036 580 2098 significet.
615 2036 648 2083 Ut
670 2038 772 2084 omittam
792 2038 881 2094 μύθοος,
920 2047 921 2050 ’

138 2123 220 2186 quibus
247 2125 363 2186 opiniones
390 2142 441 2170 suas
463 2124 490 2171 de
510 2125 636 2171 animorum
656 2130 738 2172 natura
758 2131 780 2172 et
797 2126 882 2187 origine

138 2213 297 2274 exposuit,sin
314 2212 437 2259 Phaedone
454 2212 481 2259 de
499 2213 667 2259 immortalitate
685 2214 796 2260 disserens
808 2220 884 2276 aperte

140 2299 195 2346 dicit
212 2301 242 2362 (p.
262 2301 291 2345 85
310 2300 353 2365 D),
372 2304 474 2362 oportere
491 2316 532 2346 nos
544 2300 656 2362 probabili
667 2301 754 2347 ratione
766 2306 883 2348 contentos

138 2404 198 2444 esse,
227 2389 244 2435 εἰ
270 2389 301 2444 μή
321 2406 354 2441 τις
376 2388 455 2435 ddvacr'
477 2387 640 2447 aequitania
668 2389 705 2436 κοοὶ
730 2390 882 2448 ariarecti-arv

139 2475 173 2521 ἐπὶ
190 2476 328 2535 βεβοοοτέροο
343 2477 456 2534 ὀχήματος
472 2475 484 2530 ἢ
498 2476 564 2531 λόγου
580 2476 632 2522 θείου
645 2477 699 2529 τινος
715 2478 883 2536 Sauromatarum,

138 2563 200 2619 „nisi
223 2563 273 2624 quis
291 2563 388 2609 firmiore
404 2567 452 2609 rate
469 2569 546 2609 vectus
565 2564 610 2610 sive
628 2554 703 2610 divina
721 2565 818 2626 quadam
833 2567 885 2612 rati-

139 2666 181 2697 one
202 2650 270 2697 nixus
290 2651 364 2698 tutius
387 2656 409 2697 et
426 2651 510 2697 certius
528 2668 567 2711 per
584 2651 652 2697 vitam
669 2652 774 2714 navigare
791 2654 884 2714 possit.”

139 2736 186 2796 Qui
197 2729 234 2783 liic
247 2738 330 2784 dicitur
341 2740 391 2791 θεῖος
404 2738 468 2794 λόγος
479 2738 535 2799 quid
544 2738 607 2783 aliud
618 2743 652 2784 est
660 2739 705 2784 nisi
713 2741 828 2801 persuasio
838 2758 884 2788 non

138 2824 231 2872 rationis
249 2842 291 2888 ope
308 2826 346 2873 sed
365 2826 441 2872 divino
456 2825 536 2878 ,affiatu
553 2826 618 2872 nobis
636 2825 728 2879 oblata?
753 2826 781 2873 In
793 2828 883 2876 Timaeo

139 2921 215 2961 autem
238 2915 342 2962 audimus
365 2914 393 2961 de
415 2914 465 2961 Deo
488 2915 542 2961 baec
566 2914 690 2970 dicentem,
710 2933 731 2978 p.
751 2918 781 2962 28
799 2917 830 2964 E:
848 2921 884 2966 τοο
