1932 3115
511 139 558 186 tlt)
621 136 627 145 ”

162 302 200 352 τῆς
228 295 392 356 περιτρεχούσης
420 295 524 354 ἑταιρείαις
552 294 633 350 τηύτης
662 302 700 351 της
728 301 770 344 τῶι
797 296 904 344 πλείστων

161 385 238 443 Φίλων.

193 473 238 520 Hic
250 474 320 537 igitur
330 472 375 520 fuit
391 472 451 520 fetus
468 473 644 520 obtrectatorum
662 479 684 521 et
702 473 902 530 calumniatorum,

161 563 200 624 qui
220 561 320 609 Platonis
335 562 416 619 vitam,
431 578 516 619 mores,
527 561 693 624 philosophiam
702 568 750 608 atro
760 561 855 608 carbone
864 577 903 609 uo-

159 656 238 707 tarunt
254 656 277 697 et
288 651 373 714 justam
388 650 506 713 apologiae
517 650 669 713 praebuerunt
680 652 803 698 materiem.
826 650 901 710 Quam

160 739 215 787 scite
236 756 288 786 vcro
305 744 328 786 et
345 744 396 802 apte
413 738 536 786 defensoris
553 756 646 786 munere
663 740 756 787 functus
773 741 803 795 sit
811 738 901 802 Episto-

157 828 192 875 lae
209 828 316 894 scriptor,
331 829 378 890 jam
395 829 479 891 passim
496 828 702 875 animadvertimus,
737 827 805 886 Quod
823 834 898 875 autem

159 916 187 963 ad
202 916 388 964 consuetudinem
408 917 509 964 Platonis
530 933 581 963 cum
601 916 710 979 Dionysio
725 918 818 974 attinet,
837 917 900 964 nulla

157 998 232 1068 potest
249 1024 296 1053 esse
313 1006 448 1069 praeclarior
465 1006 563 1053 defensio
581 1022 649 1067 quam
669 1006 792 1052 exsulantis
809 1007 899 1068 tyranni

156 1095 321 1152 testimonium,
340 1095 400 1157 quod
418 1094 501 1157 legitur
518 1095 578 1157 apud
594 1094 755 1151 Plutarchum,
778 1094 860 1142 Timol.
878 1112 897 1141 c.

159 1184 202 1240 15,
224 1183 263 1245 qui
283 1183 415 1245 rogantibus
433 1183 580 1245 quibusdam,
599 1183 654 1245 quid
671 1183 777 1229 utilitatis
798 1182 899 1245 ophil-

156 1271 222 1334 sophi
238 1272 402 1319 consuetudine
419 1272 526 1334 cepisset,
543 1271 786 1334 responsiunculam
799 1272 898 1327 δοκοῦμεν

157 1359 197 1406 ὑπὸ
213 1360 328 1413 mitraton
346 1361 487 1419 operantur,
500 1361 571 1419 τύχης
584 1360 710 1417 praedatio
723 1358 775 1406 ιύτιρ
784 1358 897 1419 φέροντι-εις

156 1448 259 1504 „nihilne
275 1448 318 1495 tibi
335 1465 347 1494 e
363 1448 465 1494 Platonis
481 1448 625 1494 institutione
642 1448 761 1509 profecisse
781 1447 895 1504 ridemur,

156 1536 196 1597 qui
212 1537 315 1583 fortunae
331 1536 480 1583 mutationem
497 1543 543 1583 tam
560 1536 648 1599 placide
664 1537 756 1583 ferimus
763 1536 787 1581 ?”

186 2147 237 2195 darn
255 2149 284 2195 ad
294 2149 361 2196 tinem
373 2150 475 2210 pervenit
486 2155 562 2196 nostra
575 2149 710 2211 disquisitio.
730 2148 764 2196 Ut
775 2139 896 2212 praecipua

153 2253 228 2283 rerum
255 2238 327 2299 capita
348 2237 426 2300 paucis
449 2237 645 2301 comprehendam,
668 2254 755 2285 summa
777 2237 832 2284 haec
855 2242 894 2284 est.

185 2324 300 2372 Tredecim
318 2341 376 2386 quae
392 2325 496 2372 feruntur
512 2325 614 2373 Platonis
631 2325 758 2388 Epistolae,
777 2325 818 2372 etsi
830 2342 895 2387 argu-

152 2418 227 2459 mento
245 2418 267 2460 et
284 2414 357 2460 colore
374 2413 503 2472 dissimiles,
522 2419 640 2476 cognatam
656 2420 732 2461 tamen
748 2420 788 2462 aut
799 2415 894 2462 vicinam

151 2499 251 2561 produnt
273 2502 389 2563 originem.
425 2501 508 2550 Omnes
528 2503 617 2551 vultum
635 2508 657 2550 et
673 2505 776 2552 habitum
793 2506 894 2552 referunt

152 2588 287 2655 abPlatonis
304 2591 395 2652 ingenio
413 2598 435 2637 et-
451 2592 551 2640 moribus
569 2593 689 2641 diversum.
707 2594 831 2658 Praecipua
847 2601 893 2643 tam

137 2691 226 2724 'rerum
246 2679 310 2740 copia
333 2696 400 2741 quam
423 2681 529 2727 orationis
553 2681 618 2728 cultu
635 2689 669 2728 est
685 2682 756 2739 tir,
775 2699 832 2744 quae
848 2701 893 2731 ma·

150 2765 228 2812 teriam
245 2767 289 2813 fere
309 2768 409 2814 continet
426 2785 437 2814 e
455 2786 500 2830 qua
517 2775 602 2816 ceterae
614 2771 660 2817 sint
671 2771 767 2818 effectae.
789 2772 893 2820 Proxime

150 2853 178 2899 ad
201 2853 391 2903 hancaccedunt
414 2856 462 2903 llla
480 2863 502 2904 et
524 2856 605 2916 VHIr,
629 2877 686 2921 quae
709 2861 743 2908 illi
759 2862 790 2909 itu
808 2863 891 2910 similes

148 2948 202 2988 sunt
219 2948 245 2988 ut
263 2943 290 2990 ah
307 2960 353 2991 uno
371 2946 455 2993 artifice
471 2950 587 3010 potuerint
604 2967 651 2998 csse
668 2953 788 3001 contectae.
