1932 3115
483 125 529 169 238

137 279 159 321 et
180 274 295 322 lasciviam
318 276 400 339 objecit
423 276 505 339 (laert.
530 276 576 325 ΙΠ,
596 279 608 340 ξ
625 279 674 340 19).
709 278 784 337 Quam
801 280 878 326 acerbe

57 420 60 425 .
137 369 213 411 autem
229 365 375 412 Antisthenes
393 366 414 412 ei
429 365 580 428 maledixerit,
599 367 688 414 abunde
705 372 767 430 patet
778 385 790 414 e
801 368 878 414 libello

136 468 203 513 quern
227 453 253 499 iu
273 470 325 500 eum
342 454 443 516 scripsit,
462 455 500 500 cui
516 454 598 501 titulus
617 460 664 502 erat
680 456 767 512 Συθώυ,
786 455 878 518 parodia

135 541 232 588 nominis
254 541 347 590 ssadum
368 542 388 603 (a
411 541 480 599 colla,>
501 544 612 601 mmmbrum
629 543 700 603 uirile)
706 581 713 602 ‚
732 560 777 605 quo
795 544 879 605 signifi-

135 633 200 675 catur
216 629 283 675 horno
300 629 386 686 mollis,
404 646 524 687 venereus,
542 628 684 678 libidinosus.
696 633 713 693 ¹)
730 632 877 679 Antisthenes

135 733 148 761 a
164 716 259 763 Platone
274 722 366 763 notatus
384 723 417 764 est
434 723 461 764 ut
477 719 592 777 ὀψιμυθής.

168 804 293 851 Accedunt·
306 805 341 851 his
361 805 507 852 historiarum
526 806 657 868 scriptores,
675 823 773 868 quorum
792 807 877 869 primus
950 861 952 864 ⁴

135 892 292 939 memorandus
306 892 429 950 Philistus,
449 909 495 940 non
511 894 583 955 magis
600 895 690 956 tyramri
707 894 791 941 amicus
809 911 877 956 quam

134 980 271 1041 tyrannidis,
290 982 330 1042 qui
346 981 371 1026 111
387 981 460 1043 Epist.
478 981 529 1039 HI,
551 998 574 1043 p.
592 983 639 1028 315
657 981 689 1039 n,
708 987 730 1028 et
748 982 809 1044 apud
825 981 877 1028 Plu-

134 1069 203 1115 tarch.
227 1069 295 1115 Dion.
313 1086 362 1131 cap.
381 1071 473 1126 11,,13
492 1075 515 1116 11
539 1072 581 1128 19,
594 1074 687 1117 notatur
698 1075 805 1131 tanquam
817 1070 877 1132 prin-
927 1117 929 1123 ,

134 1173 184 1218 ceps
208 1174 285 1204 corum
308 1174 405 1219 quorum
425 1158 629 1221 machinationibus
646 1158 712 1205 Plato
732 1159 757 1204 111
773 1159 877 1220 Dionysii

134 1245 242 1292 invidiam
258 1245 367 1291 inductus
385 1251 449 1292 esset.
469 1246 554 1308 Nepos
565 1247 641 1308 (Dion.
660 1263 678 1293 c.
697 1248 720 1308 3)
732 1246 760 1292 de
771 1247 810 1292 illo
822 1246 877 1292 haec

135 1333 227 1379 scribit:
247 1332 328 1394 „Plato
346 1338 422 1380 autem
438 1338 528 1393 tantum
551 1334 611 1395 apud
628 1334 762 1395 Dionysium
781 1335 875 1380 auctori-

133 1426 180 1467 tate
203 1421 279 1483 potuit
300 1421 417 1482 valuitque
438 1421 577 1483 eloquentia,
601 1426 628 1467 ut
650 1422 671 1467 ei
693 1422 828 1483 persuaserit
844 1426 877 1483 ty-

132 1509 233 1555 rannidis
260 1509 332 1555 facere
360 1509 427 1555 finem
450 1509 622 1570 libertatemque
644 1509 742 1555 reddere,
759 1509 876 1571 Syracusa-

132 1596 182 1642 nis:
207 1614 220 1642 a
242 1613 287 1657 qua
308 1596 425 1642 voluntate
445 1596 537 1643 Philisti
559 1596 652 1642 consilio
676 1597 796 1643 deterritus
820 1597 876 1643 est.”
950 1613 954 1622 ·

132 1684 185 1730 Non
207 1684 290 1731 mirum
320 1685 340 1730 si
364 1684 401 1730 hic
426 1689 504 1746 postea
528 1701 569 1730 sua
593 1673 733 1746 pcccataiu
758 1684 875 1732 Platonem

132 1774 264 1829 transtulit,
294 1773 410 1820 scribendo
438 1773 499 1834 quod
524 1773 563 1819 ille
591 1773 700 1834 Dionysio
733 1772 897 1819 dissuasisset,

133 1860 285 1919 Συρακουσίους
310 1860 460 1921 {circumibam
485 1861 523 1915 rim
546 1861 615 1919 mmmm
639 1860 688 1907 cirri
713 1860 829 1915 rupmmlhm
846 1862 875 1913 εἷς

131 1948 247 2004 βασιλείαν
273 1949 458 2005 mrumrzlcmrm:
483 1966 495 1995 a
521 1965 565 2010 quo
592 1948 684 1995 crimine
701 1948 829 1995 defenditur
851 1949 875 1995 iu

131 2037 173 2098 Ep.
184 2036 235 2093 ΙΠ,
245 2054 267 2099 p.
281 2038 327 2083 315
340 2036 374 2092 D,
394 2039 440 2083 319
453 2037 482 2083 A.
501 2035 613 2083 Credibile
628 2053 681 2083 saue
697 2037 758 2083 hunc
770 2037 875 2083 1111111111-

131 2125 165 2170 ria
188 2140 255 2185 quam
278 2125 367 2187 scripsit
389 2125 481 2171 illorum
503 2130 642 2187 temporum,
661 2124 688 2171 de
705 2124 806 2170 Platonis
824 2140 875 2171 cum

132 2213 241 2273 Dionysio
259 2212 391 2259 commercio
408 2230 488 2275 parum
504 2212 626 2259 honorifice
642 2212 745 2258 locutum
762 2229 816 2259 esse.

165 2299 274 2347 Omnium
291 2306 365 2347 autem
382 2300 540 2347 historicorum
561 2300 787 2347 maledicentissimus
804 2299 875 2345 Theo·

70 2378 71 2381 Ἰ
132 2406 242 2451 pompus,
268 2389 288 2435 is
314 2389 353 2450 qui
375 2405 448 2435 unum
470 2405 497 2435 ex
514 2388 619 2435 omnibus
636 2388 754 2435 Socraticis
771 2387 875 2434 laudasse

132 2477 204 2529 fertur
234 2477 392 2523 Antisthenem
423 2475 507 2539 (Laert'
529 2476 577 2534 VI,
602 2478 615 2539 p
641 2478 693 2539 14),
721 2477 826 2523 acerrime
850 2477 874 2522 in

133 2564 251 2610 Platonem
267 2564 369 2611 invectus
386 2569 433 2622 111,
459 2565 542 2612 ductus
558 2565 652 2611 tortasse
668 2569 743 2611 vetere
760 2562 875 2610 simultate

158 2787 175 2832 1)
190 2786 229 2822 Vid.
243 2787 301 2823 baert.
310 2787 350 2830 III,
363 2789 372 2832 1
384 2787 416 2830 35,
431 2789 448 2822 et
460 2787 530 2834 Menag.
543 2787 693 2834 1111111151,
706 2786 749 2823 ibid.
758 2787 792 2829 VI,
805 2786 843 2831 13,
856 2787 874 2824 7.

131 2858 158 2893 De
170 2856 282 2892 Antisthenis
294 2869 334 2892 cum
346 2856 422 2893 Platone
435 2857 541 2893 dissensione
555 2857 587 2893 cfr.
600 2857 691 2900 Dittrich,
705 2857 722 2891 in
736 2857 834 2904 Prolcgom.
850 2858 872 2892 ad

132 2928 181 2964 Crat.
194 2939 211 2973 p.
224 2927 246 2964 37
261 2939 285 2973 sq.
