1932 3115
494 127 539 173 172

142 279 220 323 utrum
237 276 317 325 Oriens
335 278 444 346 Graecum
459 278 632 341 philosophum,
645 295 674 324 an
685 278 722 325 hic
736 278 787 324 illos
798 278 881 324 maiore

142 364 217 411 studio
236 365 318 412 coleret
335 383 360 412 ac
376 371 525 413 veneraretur.

174 452 203 500 In
220 453 355 516 scriptorum
371 458 446 500 autem
463 453 609 500 relationibus
627 454 654 500 de
671 453 783 516 Aegyptio
799 453 880 508 itinere

142 541 249 603 leguntur
271 558 328 603 quac
347 557 393 588 non
415 541 491 588 valent
513 541 542 588 ad
563 558 641 588 eorum
657 541 725 589 fidem
741 541 880 617 firmandam.

141 626 245 675 Laertius
268 629 371 676 comitem
388 629 479 683 Platoni
496 614 600 691 adjungit
616 629 761 691 Euripidem,
780 629 820 689 qui
834 645 882 690 jam

142 722 227 780 septem
247 718 311 764 annis
334 722 386 765 ante
407 717 504 781 Socratis
527 722 621 764 mortem
645 734 656 764 a
678 718 724 764 vita
744 716 880 773 decesserat;
949 739 950 742 ¹

142 804 277 852 Plutarchus
292 809 368 852 narrat
378 805 465 852 itineris
477 823 529 853 eum
540 806 611 852 socios
623 806 727 852 habuisse
738 805 881 867 Ellopionem

143 892 314 956 Peparethum,
338 893 453 941 hominem
472 894 588 956 ignotum,
616 899 638 940 et
664 893 779 940 Simmiam
799 893 883 940 Theba·

143 998 205 1028 num.
216 982 233 1043 l)
250 981 355 1042 Denique
372 981 451 1028 Strabo
462 981 564 1028 Platonis
577 981 757 1043 condiscipulum
769 980 830 1042 apud
842 980 884 1027 hc·
952 992 954 995 ’

143 1070 231 1131 gpptios
248 1070 373 1117 sacerdotes
393 1069 513 1116 Eudoxum
530 1069 599 1116 tuisse
617 1069 706 1127 scribit,
724 1069 829 1129 idemque
846 1068 884 1114 do-

142 1174 204 1204 mum
221 1157 313 1205 illorum
329 1157 444 1220 Heliopoli
461 1158 504 1205 sibi
520 1163 667 1205 monstratam
685 1174 732 1204 esse
752 1157 826 1204 refert.
849 1156 884 1202 De

142 1244 237 1292 Eudoxo
260 1244 361 1292 Platonis
384 1246 466 1292 comite
482 1247 536 1292 item
553 1245 618 1293 nobis
635 1250 713 1292 auctor
730 1249 764 1292 est
781 1243 884 1291 Clemens

143 1332 232 1394 (Strom.
256 1332 275 1380 I.
299 1351 321 1397 p.
346 1335 392 1380 303
415 1334 455 1396 G),
479 1334 518 1396 qui
541 1333 607 1380 etiam
630 1334 784 1390 sacerdotum,
802 1333 884 1394 quibus

145 1421 209 1467 ambo
229 1421 343 1483 magistris
365 1421 403 1469 usi
423 1427 506 1479 essent,
529 1421 621 1468 nomina
642 1421 762 1468 memoriae
778 1420 884 1482 prodidit.

143 1507 260 1555 Praeterea
277 1509 305 1555 de
321 1517 421 1571 tempore
437 1510 581 1571 protectionis
598 1514 620 1556 et
638 1509 665 1555 de
677 1508 827 1556 diuturnitate
838 1525 884 1555 non

144 1596 255 1643 convenit.
289 1596 368 1643 Strabo
385 1597 455 1644 tradit
472 1589 668 1644 commorationem
687 1597 710 1644 in
725 1599 828 1659 Aegypto
844 1613 884 1658 per

144 1684 251 1732 tredecim
276 1684 346 1731 annos
368 1684 472 1743 durasse3
494 1685 565 1747 igitur
585 1702 650 1732 omne
666 1690 755 1747 tempus
772 1685 831 1731 inter
848 1683 886 1730 Sc·
946 1711 953 1722 κ

144 1772 211 1818 cratis
228 1777 323 1819 mortem
337 1777 360 1819 et
370 1772 472 1819 Platonis
483 1772 645 1835 profectionem
655 1773 679 1818 in
693 1771 783 1819 Italiam
795 1772 884 1834 (399-

146 1861 201 1921 387)
219 1877 245 1906 ea
261 1860 439 1922 peregrinatione
457 1861 570 1922 expletum
585 1877 632 1907 essa
644 1861 724 1917 sumit,
737 1876 808 1922 quum
819 1859 887 1906 ceteri

145 1948 264 2010 scriptores
286 1949 310 1994 in
329 1948 390 1995 idem
406 1948 566 2011 spatiumalia
582 1949 649 1995 ctiam
665 1948 747 1995 itinera
763 1949 885 1995 conterant.

145 2034 263 2082 Praeterea
282 2052 333 2082 vero
349 2036 425 2082 terunt
441 2035 560 2082 Platonem
576 2053 595 2082 a.
614 2037 660 2082 395
675 2036 700 2082 in
713 2035 885 2082 Atheniensium

145 2124 243 2171 exercitu
251 2125 366 2171 militasse.
384 2124 437 2171 Via.
447 2105 513 2186 Diog.
522 2122 597 2171 Latrt.
607 2123 657 2181 111,
669 2125 690 2170 8.
700 2124 821 2180 Aelianus,
831 2123 884 2169 Par.
911 2186 913 2189 ι

145 2212 206 2260 Hist.
228 2212 288 2271 VH,
311 2215 341 2260 la
365 2212 399 2260 (tf.
421 2211 513 2260 Olinton
535 2212 595 2260 Past.
613 2212 674 2260 Hell.
695 2213 729 2259 ed.
747 2211 843 2274 Kriiger.
861 2229 884 2274 p.

148 2304 194 2348 101
218 2306 240 2349 et
264 2319 286 2365 p.
305 2303 359 2350 377,
394 2300 500 2348 Narratio
527 2301 554 2347 de
576 2301 656 2348 itinere
676 2300 705 2347 ad
727 2300 806 2362 Magos
823 2298 885 2346 haud

146 2390 214 2437 dubie
236 2390 336 2437 manauit
352 2407 364 2436 e
381 2390 457 2437 studio
475 2389 632 2437 Graecanicam
650 2389 781 2451 sapientiam
797 2405 824 2435 ex
838 2387 887 2434 Ori-

147 2486 198 2526 ente
216 2479 333 2541 repetendi
338 2498 344 2536 ς
367 2496 414 2526 non
430 2478 539 2526 absonum
555 2478 625 2540 igitur
644 2478 701 2524 loret
718 2477 828 2539 suspicari
844 2476 887 2522 iter

172 2650 189 2694 1)
202 2649 282 2685 Simmiae
294 2649 340 2697 apud
352 2649 399 2686 Plut.
413 2648 434 2684 de
447 2649 490 2684 Gen.
503 2650 551 2684 Socr.
564 2660 582 2695 p.
595 2647 630 2686 576
644 2658 681 2693 sqq.
694 2646 759 2682 dicitur
768 2648 817 2683 πολὺν
827 2650 884 2696 χρόνον

147 2724 174 2758 ἐπὶ
183 2727 214 2763 τῆς
222 2723 276 2764 ξενίας
287 2722 358 2766 (Edrani)
371 2725 438 2769 γεγονὼς
447 2724 474 2758 καὶ
483 2723 607 2765 πεπλανημένος
619 2719 743 2759 ε’νάλλοδαποῐς
753 2721 845 2768 ἀνθρώποις
861 2720 888 2753 at-

147 2804 181 2838 quc
192 2795 246 2829 πολλὰ
257 2799 292 2834 τοῖς
300 2796 361 2843 ἱερεῦσι
369 2793 397 2830 διὰ
405 2794 498 2842 φιλοσοφίαν
506 2795 626 2838 συγγενόμενος.
639 2789 704 2825 Utrum
712 2792 771 2844 autem
778 2788 883 2824 Plutarchus

147 2866 249 2911 argumento
268 2864 333 2910 dialogi
350 2864 446 2900 inserviens
465 2863 555 2898 Simmiam
573 2846 673 2909 Aegyptum
685 2861 765 2896 visitasse
777 2861 853 2904 referat,
865 2872 886 2895 an

146 2935 206 2971 idonei
218 2935 268 2971 testis
280 2935 384 2971 auctoritate
397 2936 460 2977 fretus,
474 2934 493 2970 iu
505 2933 578 2970 dubium
587 2932 649 2968 'vocari
661 2934 725 2979 potest.
