1932 3115
501 158 559 232 ¹164
581 156 585 161 ’

139 373 141 375 ¹
165 310 239 357 ditum
261 317 336 358 autem
360 311 387 358 ab
410 311 452 357 hoc
477 312 557 357 itinere
576 325 648 372 usque
665 310 694 356 ad
711 310 806 357 alterum
823 309 866 356 iter
881 309 905 355 in

163 397 263 444 Siciliam
282 398 457 445 intercesserunt
472 398 518 445 iere
534 398 615 460 viginti
633 399 693 445 anni.
718 397 786 456 Quod
797 397 904 460 temporis

152 486 262 547 >spatium
281 486 392 548 quomodo
411 488 555 549 transegerit,
574 486 668 549 epistola
684 486 773 533 silentio
785 486 891 548 praeterit
896 504 903 543 3
914 538 918 545 Ἣ
945 509 947 511 ·

161 575 299 622 intransitu
316 580 407 622 tanturn
423 580 576 622 memorantur
593 575 641 621 eius
658 574 766 635 διατριβαὶ
783 576 820 621 οὐκ
832 575 904 632 [ἐσχή-

163 680 224 719 μονες
247 665 277 725 (p.
301 665 347 709 329
373 663 402 725 Β)
423 668 446 709 et
466 663 608 726 praedicatur
629 662 725 709 facultas
748 662 796 708 eins
818 678 906 723 persua-

163 750 244 808 dendi,
262 767 307 812 qna
324 751 475 798 adolescentes
492 752 551 798 inter
569 767 592 797 se
605 750 637 802 ἐἷς
655 750 731 811 φιλίων
748 750 784 796 rat
801 750 904 809 ἑταιρείαν

155 820 280 885 conciliare
296 844 371 900 posset
383 841 413 901 (p.
429 840 476 885 328
491 838 533 901 D):
548 854 605 900 quae
621 843 723 900 spectant
732 838 760 884 ad
773 837 904 884 scholamin

162 926 284 973 Academia
300 927 413 973 conditam
420 947 427 984 ς
442 927 470 973 de
481 926 600 974 itineribus
611 926 676 972 nihil.
699 926 785 972 Exacto
797 926 841 983 hoc
850 931 905 973 tem·
943 973 945 977 ,

161 1030 215 1076 pore
228 1015 311 1061 iterum
322 1015 346 1061 in
358 1014 457 1062 Siciliam
469 1014 596 1077 profectus,
607 1019 717 1061 memorat
731 1031 754 1060 se
765 1014 790 1060 in
805 1013 904 1061 discessu

162 1102 243 1149 adiisse
269 1102 391 1150 Tarentum
418 1107 440 1150 et
462 1120 513 1149 cum
536 1103 636 1164 Archyta
658 1102 782 1164 hospitium
802 1103 904 1165 junxisse

162 1191 192 1252 (p.
211 1191 258 1236 338
276 1190 316 1253 O)‚·
333 1191 386 1238 inde
402 1192 504 1238 Athenas
520 1208 623 1238 reversus
641 1195 681 1237 est.
712 1190 768 1236 Erat
782 1195 904 1236 1111111111-

161 1279 265 1340 genarius
284 1283 306 1325 et
323 1278 351 1325 ad
367 1279 555 1342 peregrinandum
568 1278 654 1325 tardior
658 1298 665 1337 3
678 1278 825 1325 nihilominus
836 1278 903 1324 tertio

160 1366 188 1413 ad
207 1367 343 1430 Dionysium
360 1368 474 1430 proiectus
491 1372 537 1425 est,
554 1350 615 1414 unde
631 1384 655 1414 re
671 1366 755 1414 insecta
769 1368 815 1430 jam
832 1383 902 1429 paene

160 1455 344 1517 septuagenarius
361 1456 386 1502 in
403 1455 519 1502 Graeciam
536 1455 610 1502 rediit.
626 1454 685 1501 Per
696 1454 771 1501 omnia
782 1453 903 1501 haectem-

160 1559 215 1605 pora
237 1542 266 1589 de
287 1543 407 1590 itineribus
428 1543 454 1590 in
471 1543 525 1590 alias
541 1543 643 1605 regiones
660 1543 725 1589 factis
741 1559 783 1589 nec
799 1542 850 1588 vola
861 1559 901 1588 neo

158 1631 279 1694 vestigium
285 1668 292 1690 ,
305 1648 442 1694 quamquam
453 1647 479 1690 ea
490 1631 678 1679 commemorandi
689 1631 775 1678 occasio
787 1636 867 1692 sponte
878 1646 902 1677 se

160 1719 273 1766 offerebat.
295 1719 362 1767 Unde
380 1720 485 1782 colligere
501 1720 565 1777 licet,
578 1724 618 1766 aut
629 1719 759 1782 scriptorem
770 1719 851 1765 itinera
862 1718 902 1765 illa

131 1861 137 1870 ἱ
158 1808 282 1869 ignorasse,
301 1812 352 1865 aut,
368 1808 388 1854 si
398 1808 475 1865 norit,
488 1808 604 1871 proposito
617 1807 688 1869 operis
700 1807 814 1854 intentum
826 1806 903 1853 oblivi-

111 1922 113 1925 >
160 1912 202 1942 one
214 1895 360 1957 praeteriisse.
377 1895 507 1943 Memoratu
518 1901 593 1942 antem
602 1895 696 1958 dignum
707 1913 780 1958 neque
789 1896 814 1942 in
823 1895 901 1942 ceteris

159 1982 266 2046 Epistolis
283 1984 406 2030 Platonicis
424 1984 453 2031 de
469 1984 648 2046 peregrinatione
659 1983 698 2030 illa
710 1984 831 2046 quicquam
842 1983 887 2046 legi
893 2002 901 2042 ;

159 2075 237 2117 contra
260 2071 285 2118 in
308 2070 426 2118 Socraticis
449 2088 506 2133 quae
522 2072 626 2118 feruntur
642 2070 763 2133 Epistolis,
782 2087 840 2132 quae
856 2070 901 2117 illis

88 2153 91 2161 '⁷
158 2164 212 2205 sunt
229 2164 288 2206 certe
302 2159 418 2221 quuanto
432 2159 578 2217 recentiores,
596 2159 623 2207 de
632 2159 750 2207 itineribus
761 2159 807 2206 illis
816 2159 901 2206 mentio

158 2247 191 2293 fit.
225 2246 306 2310 ltaque
327 2239 375 2294 non
397 2264 562 2309 supervacuum
583 2248 675 2310 opinor,
694 2264 751 2309 quae
771 2247 900 2294 (1111111111-

157 2335 201 2382 bus
218 2334 318 2382 Platonis
335 2335 440 2398 Megara,
458 2335 570 2398 Cyrenen,
588 2337 613 2382 in
627 2336 768 2398 Aegyptum,
778 2335 901 2382 Tarentum

156 2422 241 2471 tradita
257 2427 323 2482 sunt,
344 2440 389 2485 qua
408 2423 541 2470 auctoritate
555 2423 658 2470 nitantur
669 2423 751 2485 quidve
762 2423 789 2469 iis
800 2422 900 2469 tribuen-

157 2510 213 2557 dum
232 2511 261 2557 sit
280 2510 344 2568 fidei,
360 2512 480 2573 inquirere.
507 2510 573 2558 Subit
597 2512 655 2558 enim
674 2511 793 2574 cogitatio,
812 2527 900 2557 omnem

158 2598 220 2646 illam
243 2600 444 2661 peregrinationem
465 2600 521 2663 fingi
538 2601 639 2663 potuisse
655 2599 684 2646 ab
701 2599 829 2646 hominibus
845 2600 900 2645 otio-

158 2687 196 2744 sis,
209 2688 254 2733 sive
269 2688 356 2745 studio,
372 2688 433 2750 quod
447 2688 565 2735 Platonem
574 2688 616 2734 hac
624 2688 649 2734 in
657 2703 681 2733 re
689 2686 779 2745 Saloni,
789 2686 899 2750 Pythago-

157 2791 207 2833 rae,
222 2775 351 2823 Democrito
360 2776 437 2838 cedere
446 2776 544 2834 uollent,
555 2777 601 2822 sire
610 2775 671 2837 quod
680 2774 826 2837 opinarentur
835 2774 898 2834 eum,
957 2821 958 2824 ,

156 2881 216 2927 *quae
233 2863 261 2911 de
277 2866 394 2928 Aegypto,
412 2865 440 2912 de
457 2865 617 2927 Pythagoreis,
637 2864 664 2910 de
681 2863 800 2926 Megaricis
820 2865 897 2922 refert,

157 2969 249 3001 noscere
264 2970 310 3000 non
327 2954 441 3019 potuisse,
458 2955 503 3001 nisi
519 2955 543 3001 in
559 2954 615 3015 ipsis
631 2952 677 3000 illis
688 2952 744 3000 locis
759 2959 816 3001 esset
827 2970 899 3001 versa-
