1932 3115
306 461 341 506 De
358 459 458 506 Platonis
473 460 588 505 itineribus
604 460 628 505 ia
644 459 749 506 Siciliam.

186 635 241 682 'Pras
260 635 285 681 in
301 634 404 697 Epistola
419 639 573 680 memorantur
589 634 691 681 Platonis
709 623 823 681 adventus
836 633 899 695 Syra-

153 739 231 779 cusas,
249 739 346 784 quorum
362 727 463 784 tempora
479 722 541 769 lraud
558 723 804 773 obscureinclioantur.

185 810 287 857 Primum
310 810 429 872 Syracusas
453 811 538 857 venisse
559 828 582 857 se
600 811 655 857 dicit
672 810 714 857 XL
732 827 802 858 annos
819 814 899 857 natum

152 898 175 945 h.
194 915 212 944 e.
231 897 267 944 Ol.
281 899 319 954 97,
331 900 360 956 l,
373 915 392 944 a.
406 915 425 944 a.
438 897 463 943 O.
477 900 531 944 389.
547 897 605 945 ’Ότε
615 898 659 957 γοοο
670 900 720 945 κοτ’
731 899 804 956 dryas
815 899 845 950 οἷς
857 905 900 944 Σο-

152 986 257 1045 ροκούοοος
274 986 316 1042 ἐγὼ
333 986 452 1046 ciminianu,
469 986 546 1043 σχεδὸν
563 985 600 1040 lun
617 985 778 1045 τετοοοοοὶκοοτοο
789 986 898 1041 γεγονώς,

154 1074 209 1121 Δίων
226 1070 274 1131 εἶχε
291 1074 328 1127 οἷον
345 1073 430 1128 ἡλικίαν
448 1070 471 1128 ἣν
488 1078 553 1120 aava
570 1076 689 1132 Ἱππαρῖνος
707 1072 802 1129 γέγονεν,
826 1071 898 1134 Epist.

153 1160 208 1207 Vll.
224 1177 247 1222 p.
265 1162 312 1206 324
331 1161 359 1206 A.
377 1160 501 1222 Dionysius
518 1161 590 1222 mayor
608 1177 633 1206 eo
651 1166 750 1222 tempore
762 1176 857 1221 regnum
868 1159 900 1205 ihi

152 1249 250 1294 tenebat.
282 1246 340 1293 Cum
358 1247 401 1293 hoc
418 1251 518 1309 ternpore
535 1247 613 1309 pulcre
631 1247 730 1293 concinit
747 1247 809 1308 quod
825 1246 900 1308 procli-

152 1343 201 1381 tum
225 1339 270 1391 est,
294 1334 425 1390 Platonem,
449 1351 520 1396 quum
544 1334 637 1381 liberius
661 1342 755 1396 tyranno
779 1335 899 1381 oblocutus

153 1426 224 1479 esset,
245 1421 272 1467 ab
296 1437 321 1467 eo
343 1421 428 1467 Pollidi
450 1421 680 1489 Lacedaemoniorum
697 1422 771 1485 legato
789 1422 898 1467 traditum

153 1526 213 1566 esse,
237 1526 250 1554 a
273 1525 317 1570 quo
340 1509 411 1555 fertur
435 1509 546 1571 (atysrac,
570 1514 597 1555 ut
619 1509 697 1556 scribit
713 1509 857 1571 Plutarchus)
874 1511 898 1555 in

153 1597 264 1657 Aeginam
287 1596 399 1642 abductus
417 1612 465 1643 esse
482 1596 559 1657 ibique
576 1596 694 1654 venditus,
712 1596 752 1642 sed
768 1596 830 1642 brevi
847 1602 899 1658 post

102 1684 104 1687 ’
152 1685 180 1732 ab
203 1685 275 1731 arnico
297 1684 434 1741 Annicerisle
457 1684 585 1746 redemptus
603 1690 625 1731 et
641 1685 666 1730 in
684 1685 780 1746 patriam
797 1701 897 1731 reversus

132 1765 207 1819 sesse.
241 1773 317 1819 Testes
338 1772 476 1819 Plutarchus
493 1772 561 1819 Dion.
580 1790 599 1819 c.
618 1775 646 1829 5,
663 1772 768 1819 Laertius
785 1772 835 1830 ΠΙ,
856 1775 897 1829 lh,

154 1863 197 1917 18,
215 1860 326 1906 Aristides
342 1859 368 1906 Τ.
387 1859 438 1916 ΠΙ,
457 1878 479 1922 p.
498 1861 553 1906 382.
587 1859 707 1906 Enarserat
724 1860 784 1906 enim
801 1876 827 1906 eo
850 1860 897 1921 ipso

150 1953 252 2010 tempore
273 1946 359 1994 bellum
381 1947 440 1993 inter
463 1947 585 2008 Aeginetas
609 1952 631 1993 et
654 1947 815 2004 Athenienses,
837 1946 898 2008 quod

152 2035 242 2081 duravit
265 2035 292 2080 ab
316 2034 352 2079 Ol.
377 2036 416 2091 97,
440 2037 455 2080 A
474 2033 502 2079 ad
519 2033 556 2080 Ol.
575 2035 619 2092 98,
638 2035 666 2091 2,
684 2034 749 2080 cuius
766 2034 820 2080 belli
837 2050 898 2081 occa·
922 2034 925 2037 ⁴

152 2122 215 2168 sione
237 2121 272 2178 id,
296 2121 316 2167 si
332 2126 408 2167 tamen
424 2137 476 2168 vero
492 2120 602 2167 traditum
619 2126 665 2178 est,
689 2121 781 2167 Platoni
798 2121 900 2167 everrisse

151 2210 232 2274 potuit.
248 2210 264 2271 ¹)

184 2283 288 2341 Alteruni
307 2295 409 2341 Platonis
432 2296 475 2341 iter
500 2299 629 2357 susceptum
650 2295 736 2355 dicitur
759 2295 821 2341 brevi
837 2278 897 2357 post-

151 2400 219 2444 quam
244 2383 354 2444 Dionysio
379 2383 460 2429 maiori
485 2384 509 2447 in
534 2399 630 2443 regnum
656 2383 763 2429 successit
787 2383 862 2438 filius,
884 2400 897 2428 a

151 2487 196 2532 quo
221 2471 302 2517 Dionis
328 2470 420 2516 hortatu
445 2470 566 2533 Syracusas
590 2486 616 2516 se
634 2470 763 2516 arcessitum
781 2486 828 2516 esse
845 2470 898 2516 sori-

151 2654 187 2699 ἔφη.
209 2649 254 2687 Ibin.
273 2650 306 2693 IX,
325 2650 361 2687 592
376 2650 402 2686 B:
419 2653 448 2688 art
461 2657 492 2699 γῆς
503 2648 519 2698 y'
532 2651 605 2699 οὐδαμοῦ
618 2650 666 2697 οἶμαι
679 2651 729 2692 αὐτὴν
741 2648 787 2686 εἶναι.
813 2646 865 2690 Ἀλλ’,
878 2650 898 2690 ἦν

152 2719 214 2768 δ’ἐγὼ,
230 2724 245 2758 ἑο
260 2723 322 2773 alpetrus
334 2724 374 2763 ἴσως
385 2723 497 2773 παράδειγμα
508 2727 594 2759 ἀνάκειται
606 2729 631 2771 τῷ
643 2722 739 2770 βουλομένῳ
751 2721 793 2770 ὁρᾶν
805 2723 833 2757 καὶ
839 2722 897 2771 ὁρῶντι

151 2793 210 2828 ἑαυτὸν
226 2794 329 2836 κατοικίζειν.
347 2792 375 2827 Cf,
394 2792 495 2835 Hermann,
511 2792 529 2827 ll.
543 2805 561 2839 p.
575 2790 598 2828 67
613 2803 640 2837 sq.
656 2793 674 2825 et
688 2794 726 2826 not.
739 2802 757 2836 p.
772 2790 812 2827 118.

175 2862 193 2906 l)
207 2862 246 2897 Vid.
263 2861 355 2903 Carsium,
377 2862 437 2909 Symb.
460 2863 503 2899 Litt.
523 2875 540 2909 p.
561 2862 596 2898 103
613 2866 652 2908 sqq.
676 2861 762 2897 Doclwelli
776 2861 852 2896 Annales
865 2863 897 2897 Xe-

150 2932 204 2979 noph.
216 2944 234 2979 p.
248 2932 289 2968 216.
