1932 3115
526 131 569 176 rto

176 281 244 327 talem
265 270 364 330 errorem¹
377 283 475 330 incidere
492 285 605 346 potuisse,
624 284 699 346 potius
719 284 784 330 credo
805 301 857 330 cum
875 283 916 329 hoc

177 373 265 415 tantum
289 372 402 427 retulisse,
422 371 540 419 Platonem
558 378 687 433 ceterosque
704 372 801 441 Socratis
821 371 917 433 discipu-

175 457 208 503 los
227 463 277 520 post
297 459 365 506 huius
382 465 475 506 mortem
490 461 601 522 profectos
620 477 666 506 esse
686 460 779 521 Megara
794 459 822 505 ad
843 458 918 504 Eucli-

176 545 237 603 dem,
264 547 373 594 rationem
393 565 445 594 vero
468 565 508 595 cur
526 548 552 597 id
566 548 683 605 fecissent,
701 565 780 611 nempe
798 546 858 609 quod
874 563 918 592 me-

176 640 266 681 tuerent
281 641 401 698 tyrannos,
420 653 433 682 a
449 636 557 698 Diogene·
568 636 639 683 aliove
657 636 765 698 adjectam
783 652 837 682 esse.

209 722 290 784 Itaque
302 724 401 786 positum
413 724 451 781 sit,
464 724 607 770 Hermodoro
619 706 687 781 teste,
701 724 817 770 Platonem
829 722 918 768 Socrate

176 816 265 858 mortno
282 812 374 874 Megara
390 813 488 859 cessisse.
523 812 592 871 Quod
609 794 703 873 epistola
720 813 747 859 de
764 812 807 859 hoc
825 811 918 857 mentio-

176 916 228 946 nem
249 917 296 946 non
317 901 382 957 facit,
407 900 445 947 sed
467 901 628 964 philosophum
652 901 747 947 Athenis
770 900 918 963 permansisse

178 987 256 1033 scribit
261 1024 267 1045 ,
280 988 312 1034 ita
320 989 426 1051 explicari
434 990 528 1051 poterit,
542 989 561 1035 si
572 993 707 1044 statuamus,
719 989 762 1034 iter
773 987 832 1034 illud
843 986 919 1049 Mega-

176 1093 241 1122 rense
263 1076 422 1139 digressionem
443 1078 519 1139 potins
543 1082 565 1124 et
588 1078 652 1138 qnasi
673 1077 831 1123 diverticulum
851 1092 918 1136 qnam
961 1097 963 1099 ·

178 1181 292 1212 excessum
315 1183 342 1212 ex
363 1165 420 1213 urbe
435 1166 516 1223 tuisse,
535 1166 563 1213 ob
578 1166 623 1212 loci
640 1166 789 1223 uicinitatem,
808 1181 877 1225 quare
893 1163 918 1210 id

178 1238 267 1299 silentio
288 1254 407 1316 praeterire
428 1254 525 1301 licuisse.
544 1237 674 1301 Hermanno
690 1259 748 1301 certe
760 1254 862 1300 assentiri
872 1269 918 1299 non

177 1358 281 1403 possum,
300 1343 402 1405 opinanti
412 1342 542 1400 Platonem,
554 1348 644 1389 mortuo
657 1342 759 1401 Socrate,
772 1342 812 1389 diu
821 1341 918 1403 Megaris

177 1429 289 1476 habitasse
307 1435 328 1476 et
345 1430 377 1477 ibi
393 1430 495 1477 hluchdis
512 1431 655 1492 potissimum
673 1430 832 1477 consuetudini
844 1446 920 1491 accep-

176 1525 223 1564 tam
241 1518 344 1565 debuisse
360 1519 491 1572 interiorem
507 1519 570 1565 illam
587 1518 701 1565 Eleaticae
719 1519 833 1565 doetrinae
851 1518 920 1564 scien-

176 1607 231 1653 tiam
254 1612 276 1653 et
299 1607 425 1655 dialectices
443 1608 558 1669 peritiam,
578 1624 646 1669 qnam
664 1624 715 1654 curn
733 1608 806 1654 ethica
822 1606 918 1652 Socratis

177 1696 300 1758 conjunxit.
313 1698 329 1759 l)
363 1695 436 1754 Quasi
452 1713 504 1742 vero
521 1696 631 1753 Athenis,
649 1696 835 1758 philosophorum
853 1701 875 1741 et
886 1713 919 1742 so-

157 1845 159 1849 *
176 1785 302 1847 phistarnm
320 1785 382 1840 sede,
397 1784 498 1831 Eleatica
507 1785 651 1847 philosophia
662 1801 708 1831 non
720 1801 790 1846 aeque
798 1789 852 1831 nota
862 1788 919 1830 esset

178 1878 245 1935 atque
261 1873 402 1930 Heraclitea,
420 1873 444 1919 in
462 1890 507 1934 qna
523 1873 588 1919 Plato
601 1872 729 1919 adolescens
740 1866 847 1935 magistro
863 1889 918 1918 usus

177 1966 211 2008 est
229 1961 332 2023 Oratylo,
351 1967 377 2008 ut
393 1961 471 2007 retulit
483 1961 650 2023 aristotelea)
668 1961 697 2008 Et
709 1962 789 2023 quidni
803 1978 830 2008 ex
842 1961 919 2007 eodem

177 2050 238 2096 fonte
254 2050 317 2096 illam
334 2049 501 2112 philosophiam
517 2066 609 2095 noscere
625 2050 701 2111 potuit
717 2049 778 2096 unde
796 2066 843 2096 eam
861 2065 920 2095 acce-

177 2139 211 2201 pit
227 2138 340 2195 Euclides,
359 2139 399 2200 qni
413 2138 504 2184 Platoni
516 2137 614 2199 aequalis
625 2138 685 2184 fnit?
694 2138 711 2200 3)
729 2137 792 2197 Quid
804 2137 865 2199 qnod
871 2138 918 2200 jani

177 2228 266 2274 vivente
283 2227 385 2283 Socrate,
403 2231 430 2273 ut
445 2226 513 2273 refert
529 2226 633 2281 Laertius
650 2226 690 2283 M,
709 2229 735 2284 3,
755 2226 861 2273 Euclides
873 2226 919 2285 περὶ

124 2331 126 2333 ·
178 2315 227 2368 τοὺς
249 2316 361 2374 ἐριστικοὺς
382 2315 459 2371 λόγους
481 2314 611 2363 teroaldum:
635 2331 704 2376 quare
726 2331 772 2361 non
789 2318 848 2371 erat,
867 2331 919 2370 cur,

180 2439 321 2446 .-.——.-

203 2516 222 2562 1)
238 2517 330 2553 Hermann
346 2517 365 2554 ll.
383 2529 400 2564 p.
415 2517 450 2552 46:
468 2516 503 2561 „So
516 2517 540 2553 ist
552 2519 578 2554 cst
590 2517 645 2552 sehon
657 2529 679 2552 an
692 2517 729 2552 sich
742 2516 780 2552 eine
793 2514 855 2550 hbchst
867 2514 922 2549 wahr-

179 2586 284 2623 scheinliche
296 2587 426 2634 Vermiithnng,
441 2587 479 2623 dass
493 2588 536 2623 eben
549 2588 605 2623 dieser
618 2587 723 2623 Anfenthalt
736 2587 755 2622 in
766 2587 838 2633 Megara
853 2596 921 2631 esgann

179 2659 280 2705 vorziiglich
296 2672 331 2695 war
347 2660 377 2695 der
394 2659 446 2694 Plato
463 2659 496 2695 mit
508 2660 548 2695 dem
561 2659 677 2707 eigentlichen
689 2658 754 2694 Stande
767 2659 797 2694 dcr
810 2657 922 2692 Griechische

179 2730 301 2776 Speculation,
319 2731 355 2765 und
369 2730 479 2777 *tangemus
496 2730 530 2765 mit
542 2731 582 2765 deur
594 2730 665 2765 wahren
677 2729 790 2765 Bedi'ufnisse
803 2729 832 2764 des
844 2728 921 2775 philoso-

178 2801 262 2848 phischen
275 2800 343 2837 Geistes
355 2801 412 2837 seiner
424 2801 462 2836 Zeit
474 2801 528 2836 raher
540 2801 618 2837 bekannt
630 2800 717 2837 machte.”

204 2874 221 2917 a)
235 2872 313 2920 rrerapa.
326 2873 344 2916 r,
358 2874 378 2915 5,
391 2884 409 2918 p.
422 2873 445 2908 ao
457 2873 523 2907 araur.
560 2860 562 2864 ⁴

204 2945 221 2994 3)
234 2945 274 2980 vid.
286 2944 357 2992 Deyks,
370 2944 391 2979 de
404 2944 508 2991 Megaricis,
521 2956 540 2991 p.
552 2944 569 2980 5.
