1932 3115
453 131 498 174 165

23 334 25 344 y
106 288 151 328 tus.
186 280 295 340 Quaestio
314 281 421 337 obscura,
440 281 468 327 de
485 298 530 342 qua
547 282 566 327 si
578 285 663 327 eertum
675 281 797 342 comperire
808 279 850 325 dif-

109 371 179 427 ficile,
200 376 276 417 tamen
296 370 351 431 quid
368 370 484 435 probabile
500 371 542 427 sit,
566 369 697 417 examinatis
714 369 849 430 scriptorum

106 458 254 514 testimoniis,
275 474 415 520 quaeramus.

139 635 192 681 Duo
215 638 269 681 sunt
291 637 358 680 testes
382 632 422 694 qui
438 632 466 679 de
483 632 519 678 his
536 632 753 697 peregrinationibus
769 633 848 679 ceteris

106 723 195 785 plenius
219 721 358 769 retulerunt:
385 720 442 767 alter
464 724 498 766 est
520 719 644 782 Apuleius,
662 720 718 766 alter
737 720 848 783 Diogenes

106 810 218 857 Laertius.

139 898 208 959 Apud
220 896 357 960 Apuleium,
370 896 397 943 de
410 895 485 958 dogm.
494 895 553 942 Plat.
562 895 585 953 Ι,
598 912 617 942 c.
627 898 655 952 3,
664 895 719 942 haec
727 895 847 957 leguntur:

105 986 271 1047 „Posteaquam
288 985 389 1032 Socrates
406 972 631 1045 honines'reliquit,
644 984 754 1046 quaesivit
765 984 849 1046 (Plato)

105 1074 166 1131 unde
182 1074 310 1136 proficeret,
329 1077 351 1119 et
368 1072 397 1119 ad
413 1072 554 1134 Pythagorae
572 1071 713 1134 disciplinam
730 1088 753 1118 se
770 1077 849 1119 eontu-

105 1163 179 1209 lit...
212 1161 243 1208 Et
260 1161 321 1223 quod
337 1160 530 1223 Pythagoreorum
546 1161 663 1222 ingenium
677 1161 781 1223 adjutum
798 1160 847 1207 aliis

106 1250 228 1312 disciplinis
251 1249 371 1306 sentiebat,
395 1248 424 1295 ad
445 1248 588 1295 Theodorum
605 1249 702 1314 Cyrenas
719 1254 746 1295 ut
762 1266 847 1311 geome-
929 1268 930 1271 ¹

50 1365 52 1370 ·
105 1338 171 1385 triam
202 1336 297 1384 disceret
325 1342 358 1383 est
383 1336 509 1399 prolectus3
534 1340 556 1382 et
578 1336 722 1398 astrologiam
747 1336 848 1398 adusque

105 1426 235 1488 Aegyptum
251 1425 293 1472 ivit
309 1426 419 1487 petitum,
438 1429 464 1471 ut
474 1424 528 1471 inde
539 1424 700 1487 prophetarum
711 1425 768 1472 ritus
780 1426 847 1472 etiam

106 1513 237 1561 addisceret.
276 1513 308 1560 Et
330 1513 359 1559 ad
381 1513 472 1560 ltaliam
493 1513 672 1570 iterumvenit,
694 1512 847 1575 Pythagoreos

105 1602 232 1649 Euritatum
252 1601 380 1664 (Eurytum)
395 1601 542 1648 Tarentinum
560 1606 583 1648 et
598 1602 709 1649 seniorem
725 1601 848 1663 Archytam

104 1694 209 1736 sectatus.
235 1690 313 1751 Atque
328 1689 382 1737 inde
399 1689 428 1735 ad
444 1689 514 1736 Indos
529 1693 551 1735 et
562 1689 642 1750 Magos
656 1670 790 1736 intendisset
802 1690 848 1736 ani-

104 1794 180 1835 mum,
197 1777 242 1824 nisi
258 1782 313 1824 tuno
331 1794 383 1824 eum
399 1776 459 1824 bella
475 1776 622 1823 vetuissent.”
649 1764 650 1768 ¹

138 1865 244 1923 Quonam
267 1882 294 1912 cx
316 1866 378 1912 fonte
398 1864 510 1927 Apuleius
530 1866 584 1911 haee
604 1864 704 1911 hauserit
722 1880 764 1911 nos
783 1864 845 1911 latet.

103 1934 266 2000 Stallbaumius
276 1954 293 2015 ¹)
311 1970 323 1999 e
340 1952 460 2015 Speusippi
476 1952 535 1999 libro
551 1952 644 2012 fluxisse
659 1952 786 2014 suspicatus
802 1957 844 2009 est,

102 2040 127 2086 111
149 2056 194 2102 quo
216 2041 250 2086 vir
274 2040 354 2087 doctus
371 2041 420 2087 falli
437 2041 532 2087 videtur.
566 2040 678 2103 Apuleius
695 2040 847 2103 Speusippum

103 2132 216 2174 auctorem
238 2129 340 2174 nominat
362 2128 430 2175 iniis
449 2145 506 2190 quae
522 2128 592 2175 babet
608 2128 636 2174 de
651 2128 753 2174 Platonis
770 2127 846 2175 indole

103 2221 125 2263 et
141 2217 245 2279 ingenio,
264 2234 311 2279 cap.
325 2218 350 2274 2,-
369 2216 451 2265 deinde
467 2234 519 2264 vero
532 2221 653 2279 postquam
663 2217 751 2279 poetica
762 2223 785 2264 et
797 2216 847 2279 phi-

101 2304 216 2367 losophica
238 2305 286 2351 eius
309 2305 386 2351 studia
402 2306 480 2367 paucis
499 2305 607 2362 absolvit,
626 2322 674 2368 cap.
693 2307 706 2351 3
725 2310 748 2351 et
765 2308 780 2351 4
797 2322 846 2368 per·

102 2393 136 2455 git
157 2392 181 2439 111
199 2392 327 2439 enarrandis
345 2393 476 2450 itineribus;
494 2393 519 2440 in
535 2393 571 2440 his
590 2398 665 2440 autem
681 2398 762 2440 testem
779 2394 844 2441 illum

100 2497 146 2527 non
164 2481 232 2538 citat,
250 2480 312 2542 quod
329 2468 381 2527 sane
398 2498 444 2527 non
464 2481 589 2539 omisisset,
609 2498 653 2542 quo
670 2481 722 2543 plus
739 2482 845 2543 ponderis

99 2567 192 2615 baberet
209 2568 280 2631 ipsius
303 2569 470 2626 testimonium,
487 2570 618 2632 praesertim
637 2586 708 2631 quum
725 2570 754 2616 ad
771 2570 846 2617 delen-

100 2657 200 2705 dendum
215 2657 335 2704 Platonem
352 2658 382 2704 sit
399 2659 556 2736 compositum.
590 2657 721 2716 Praeterea,
740 2676 797 2721 quae
815 2660 843 2705 de

99 2748 215 2809 proposito
238 2746 299 2793 illius
322 2746 402 2793 itinere
425 2745 453 2792 ad
475 2746 546 2793 Indos
564 2751 586 2793 et
603 2747 683 2809 Magos
701 2754 798 2810 atquae
816 2748 843 2795 de

117 2938 135 2981 l)
152 2938 174 2973 In
185 2938 225 2973 diss.
234 2937 256 2973 de
264 2938 333 2974 Platon.
341 2938 387 2983 vita,
394 2938 488 2985 praemissa
494 2939 536 2975 edit.
550 2929 671 2987 Apologiae‘et
677 2940 766 2984 Critonis,
773 2952 791 2987 p.
801 2939 838 2976 XX.
