1932 3115
436 118 439 121 ’
481 138 525 180 rac

124 291 222 338 ciendos.
234 292 266 337 Hi
275 292 358 338 Critiae
365 293 431 354 jussu
440 290 602 358 Theramenem
611 290 639 335 ad
649 291 786 352 supplicium
792 306 871 351 rapue-
906 306 908 308 ·

123 383 178 424 runt
190 379 303 441 (Xenoplr.
315 379 347 425 Π.
361 382 374 425 3
381 416 388 436 ,
399 379 438 439 511)
444 398 450 435 ;
466 377 534 423 iidem
544 381 609 422 antea
623 377 691 423 duces
707 378 735 423 ad
745 378 870 440 Arginusas

124 471 197 512 morte
208 466 335 512 multarunt
347 466 439 527 (τούτους
454 465 492 520 μὲν
504 462 537 510 οὖν
549 466 566 511 οἱ
576 464 694 522 τοοχθὲντες
704 466 744 512 ὑπὸ
752 469 793 512 τῶν
804 465 871 521 νόμων

124 551 203 599 trasna
220 553 361 600 οὶτέκτειννν.
385 552 452 598 Diod.
470 550 544 607 Xlll,
571 553 640 613 102),
661 552 773 613 iidemque
793 557 871 614 postea

125 640 238 687 Socratem
261 641 408 688 occidendum
429 644 542 686 curarunt.
578 639 685 686 Attamen
702 645 756 686 sunt
774 641 813 702 qui
829 640 870 686 hos

125 729 290 775 undecimriros
314 729 353 790 qni
370 728 411 774 sub
429 727 498 773 XXX
508 727 616 789 ,tyrannis
636 727 710 784 fuere,
736 728 763 774 ab
783 729 811 774 iis
832 729 872 788 qui

126 816 168 862 sub
180 817 285 878 populari
296 817 403 878 imperio,
417 815 520 861 diversos
537 815 607 861 luisse
630 815 783 872 cmrtenduut5
798 816 814 876 ¹)
826 831 871 875 quc

124 904 194 960 nibil,
212 910 240 949 ut
257 904 348 966 opinor,
372 908 447 966 potest
469 918 516 956 esse
538 902 722 964 improbabilius,
747 919 775 948 ne
798 903 871 948 dicam

125 991 253 1038 absurdius.
271 991 385 1038 Nimirum
403 989 548 1037 statuendum
566 995 636 1047 esset,
655 995 694 1036 aut
707 990 872 1036 undecimviros

125 1078 168 1124 sub
191 1078 260 1124 XXX
282 1079 382 1140 tyrannis
409 1094 461 1124 cum
477 1077 517 1123 illo
535 1077 596 1138 quod
614 1077 711 1124 diximus
730 1077 802 1123 officio
820 1094 871 1124 cou-

127 1166 229 1228 junxisse
247 1166 319 1212 officia
334 1162 460 1222 arraudum
477 1170 500 1211 et
516 1165 665 1224 νίνοοοονόμοον,
687 1171 727 1212 ant
744 1165 789 1212 dno
804 1166 872 1213 simul

129 1254 198 1300 fuisse
210 1253 304 1315 collegia
315 1253 530 1310 undecimvircrnm,
549 1269 647 1313 quorum
664 1252 728 1299 alteri
739 1252 821 1311 delicta
838 1269 870 1299 ca·

130 1341 209 1403 pitalia
228 1342 348 1403 punirent,
366 1340 431 1386 alteri
447 1341 477 1387 rut
494 1341 515 1386 ἐν
532 1338 594 1387 ἄστει
611 1347 722 1387 curarent.
756 1340 872 1387 Posterius

127 1445 193 1474 nemo
217 1445 284 1474 sanus
307 1428 408 1490 putabit,
426 1415 489 1489 prius
512 1427 548 1473 vel
569 1427 620 1474 ideo
640 1428 800 1489 improbabile,
819 1429 873 1489 quia

129 1521 206 1562 tantus
230 1516 271 1562 sub
294 1516 361 1562 XXX
385 1516 438 1561 viris
461 1516 506 1562 luit
529 1516 687 1561 damnatorum
707 1533 827 1573 numerus,
846 1522 872 1563 ut

126 1605 164 1650 vir
186 1604 235 1650 aliis
255 1604 351 1665 negotiis
369 1616 460 1666 possent
476 1620 562 1650 vacare.
597 1603 678 1665 Neque
695 1604 743 1650 ulla
759 1610 793 1651 est
805 1621 872 1651 causa

127 1677 166 1738 cur
184 1691 301 1738 dubitetur
317 1691 449 1747 νίοτυνόμους
467 1696 489 1737 et
506 1692 666 1749 νίγοροονόμους,
685 1708 755 1753 aeque
773 1709 799 1739 ac
817 1697 872 1739 eete-

126 1796 163 1825 ros
182 1779 328 1840 magistratus
348 1779 480 1841 plercsque,
500 1779 567 1825 etiam
585 1779 626 1825 sub
645 1778 714 1825 XXX
729 1779 785 1838 riris
796 1780 892 1826 fusse
937 1839 939 1842 v

126 1867 189 1926 Quid
206 1867 294 1913 multa?
319 1866 467 1914 Manifestum
485 1867 577 1929 opinor,
595 1867 761 1923 herclecum,
780 1868 819 1929 qni
836 1867 873 1914 ad-

128 1956 173 2001 buc
191 1973 246 2002 crux
261 1956 307 2002 init
322 1946 484 2016 interpretum,
507 1956 541 2002 uti
561 1955 634 2003 verbis
651 1955 760 2002 obscurus
778 1961 824 2012 est,
842 1956 874 2002 ita

58 2075 59 2078 =
127 2043 194 2089 rebus
217 2060 265 2089 esse
288 2043 420 2099 confusum,
445 2047 512 2104 atque
535 2047 649 2090 auctorem
667 2044 761 2105 prodere
778 2044 815 2091 cui
831 2061 873 2090 nec

128 2147 200 2177 sermo
221 2131 351 2177 Atticorum
373 2147 446 2192 neque
468 2131 575 2177 instituta
597 2131 666 2193 probe
684 2137 758 2178 essent
775 2132 871 2194 cognita.

129 2220 226 2281 Legerat
247 2220 342 2282 scriptor
358 2219 419 2282 pacis
437 2219 495 2266 illud
512 2219 591 2265 foedus
608 2225 660 2282 post
678 2221 782 2282 expulsos
800 2226 874 2282 tyran·
892 2276 894 2279 ι

129 2324 170 2354 nos
188 2309 246 2354 inter
264 2308 322 2354 cives
339 2307 434 2363 initum,
457 2323 502 2368 quo
519 2308 630 2364 οὶμννστίοο
646 2308 781 2370 injuriarum
798 2313 820 2355 et
835 2309 874 2360 im-

130 2395 221 2458 punitas
241 2411 346 2441 concessa
367 2394 471 2441 omnibus
499 2395 556 2448 πλὴν
578 2398 619 2441 τῶν
640 2394 754 2451 τριάκοντα
776 2396 812 2443 νυοὶ
827 2401 874 2459 τῶν

130 2482 204 2531 ἕνδεκα
222 2483 257 2530 νυοὶ
274 2487 315 2531 τῶν
331 2484 352 2529 ἐν
368 2487 464 2540 Harma?
479 2482 587 2542 οἱρξνῖντων
604 2484 655 2531 blaa
672 2484 785 2547 (Xenoph.
802 2484 834 2530 Π.
846 2487 873 2542 d,

131 2574 170 2618 38.
193 2571 280 2618 Audoc.
298 2571 326 2617 de
348 2571 417 2633 Myst.
434 2573 447 2633 b
463 2572 511 2632 lo).
529 2571 594 2623 ⁴Hos
612 2588 688 2618 omnes
706 2572 745 2618 ille
761 2572 785 2618 in
803 2589 874 2619 uuum

132 2659 252 2720 collegium
275 2658 378 2705 contudit
401 2664 424 2705 et
440 2658 536 2705 Athenis
556 2660 680 2721 praefectos
700 2660 809 2721 imposuit
828 2659 876 2718 LI,-

157 2873 173 2917 l)
192 2873 303 2908 Hermannns
321 2872 340 2907 in
359 2884 432 2908 censura
448 2872 489 2907 libri
502 2872 590 2914 Seheibii,
611 2872 644 2908 Dic
657 2871 742 2918 cligarch.
758 2872 839 2909 Umwalz.
853 2887 874 2911 zu

133 2945 201 2988 Athen,
215 2956 258 2994 quae
271 2947 328 2980 exstat
340 2944 358 2979 11
371 2944 431 2981 Jahrb.
445 2945 473 2981 fiir
486 2944 538 2981 Wiss.
551 2944 620 2988 Kritik,
634 2945 688 2980 1842.
701 2945 717 2980 Ι.
729 2957 746 2992 p.
761 2945 802 2982 lac.
