1932 3115
436 126 447 169 7

71 281 222 335 consentiunt,
234 280 332 341 primum
341 279 416 325 locum
425 283 501 336 tenere
510 277 638 341 Epistulam
646 275 701 333 VH,
713 276 813 338 proxime
874 306 878 310 -

71 371 124 434 huic
147 367 250 414 accedere
273 366 315 413 ΙΠ
334 372 356 429 11
378 366 449 424 VEL
474 384 529 428 quas
550 371 595 412 tres
616 344 721 426 epistolas
739 364 814 410 Plato-

70 459 105 506 nis
131 455 276 502 familiarium
301 454 369 500 alicui
390 454 558 501 tribuere-non
582 453 671 499 dubitat
693 447 812 507 Salomon,
868 457 874 510 s

71 545 213 591 Hermannus
235 547 371 603 postremam
393 542 483 599 eximit,
505 558 574 602 quam
591 558 603 586 a
620 541 709 587 falsario
726 541 814 586 concin-

70 638 145 680 natam
171 635 242 698 putat.
276 629 304 676 ln
327 634 452 686 ceterarum
473 629 517 676 fide
541 635 564 676 et
580 629 652 691 pretio
670 629 813 675 aestimandis

71 721 202 782 discrepant.
228 718 334 765 Salomon
351 718 517 780 EpistolaslV‚
530 718 578 775 IX,
591 717 614 764 X
627 718 743 787 anteppnit
761 717 814 779 Epi·
887 787 894 792 .

26 867 27 870 Ἰ
70 807 132 858 stolis
148 806 186 863 H,
204 805 251 862 Vl,
269 805 317 863 XI,
335 805 396 861 XII,
415 805 488 862 ΧΙΠ,
507 822 563 866 quas
575 806 657 868 pejoris
669 809 736 850 notae
748 805 813 850 aesti-

68 893 116 941 mat
120 914 127 952 ς
145 894 289 940 Hermannus
307 899 384 940 0011111
401 894 457 956 Epp.
475 893 514 950 Π,
527 893 557 950 V,
569 893 605 939 VI
620 893 713 939 meliore
724 892 812 939 deluto

69 1000 116 1030 esse
129 982 217 1044 judicat
234 999 302 1043 quam
318 981 354 1028 IX
366 983 388 1028 et
399 981 429 1028 X.
447 981 549 1043 Uterque
561 998 638 1028 eorum
649 981 774 1048 Epistulam
785 980 811 1037 I,

16 1059 20 1069 l
52 1071 174 1116 -Salomon
199 1070 267 1116 etiam
292 1069 314 1113 V
338 1072 395 1115 nonv
409 1069 524 1126 Platonis,
550 1069 589 1115 sed
615 1069 695 1115 Dionis
720 1069 812 1114 nomine

68 1140 234 1204 inscribendam
247 1162 339 1216 ι1111111,
358 1157 386 1203 de
403 1174 448 1218 quo
465 1157 530 1203 inira.

101 1244 169 1303 Quod
192 1245 220 1291 ad
243 1244 291 1291 VH
307 1244 433 1307 Epistulam
451 1245 544 1302 attinet,
562 1245 617 1291 liaeo
635 1245 662 1291 ab
680 1243 811 1290 Hermanno

67 1332 209 1395 praedicatur
230 1333 319 1379 illustre
340 1335 526 1390 monumentum,
544 1333 568 1379 in
585 1332 748 1393 querimonis
765 1333 812 1378 rita

69 1417 91 1466 et
107 1421 225 1482 ingenium
241 1437 292 1467 vere
310 1426 364 1467 sunt
381 1438 490 1483 expressa.
506 1422 521 1482 Ι)
539 1401 613 1466 (lausa
624 1406 664 1473 cur
676 1437 725 1466 eam
735 1424 811 1466 tamen

68 1507 159 1554 Platoni
182 1507 295 1570 abjudicat
301 1497 318 1566 ,f
334 1509 410 1570 potius
433 1513 467 1554 est
490 1508 551 1576 quod
574 1508 717 1570 scriptionem
739 1508 811 1569 ipsius

68 1612 175 1658 personae
203 1596 278 1643 minus
308 1595 510 1653 accommodatam,v
539 1613 607 1657 quam
634 1596 695 1657 quod
720 1596 811 1657 ingenio
875 1639 878 1642 .

66 1684 183 1745 indignam
206 1689 289 1730 censet.
321 1683 374 1730 Non
391 1688 473 1741 tamen
484 1684 538 1730 satis
555 1684 674 1746 perspicua
691 1689 731 1730 aut
748 1684 811 1730 firma

67 1776 199 1832 argumenta
224 1772 313 1830 attulit,
340 1789 387 1829 cur,
414 1772 433 1818 si
458 1772 559 1818 Platonis
585 1788 693 1834 personae
716 1771 810 1833 epistola

66 1876 145 1921 parum
162 1864 312 1906 consentanea
328 1860 448 1917 habeatur,
467 1860 536 1907 alicui
551 1860 696 1906 familiarium
714 1861 812 1922 11111111-

66 1947 161 2004 buatur,
186 1952 226 1994 aut
248 1949 267 1995 si
290 1948 358 2010 digna
381 1948 427 1995 sint
442 1949 549 2010 magistro
568 1948 638 1994 oratio
656 1954 679 1994 et
695 1964 812 2009 argumen-

66 2037 128 2089 tum,
151 2050 192 2080 cur
213 2052 259 2081 non
282 2036 327 2098 ipsi
343 2036 419 2097 potius
437 2053 506 2097 quam
528 2036 640 2098 discipulo
663 2035 809 2083 adscribatur.

67 2119 137 2167 Porro
160 2127 248 2179 autem,
272 2124 292 2169 si
307 2124 363 2170 lraec
381 2124 476 2187 epistola
492 2124 583 2171 Platoni
603 2124 744 2181 vindicatur,
761 2124 812 2171 reli-

67 2209 163 2269 quarum
188 2211 311 2272 nonnullae
337 2217 395 2259 certe
420 2229 467 2259 non
492 2217 581 2259 tantum
607 2212 635 2259 ab
660 2212 700 2258 illa
726 2212 812 2259 distant

67 2302 179 2356 quantum
195 2299 260 2345 nothi
277 2304 300 2346 et
317 2301 388 2362 spurii
404 2301 484 2347 iratres
502 2318 515 2347 a
531 2316 644 2363 germano.
671 2299 748 2358 Quare
765 2317 812 2347 non

66 2384 194 2431 mirandum
216 2386 285 2443 10111,
304 2387 323 2433 si
339 2387 401 2434 illius
419 2392 551 2449 argumenta
567 2388 652 2435 multos
670 2388 820 2450 impellerent¹

65 2577 136 2613 nomine
153 2579 205 2626 vulgo
218 2580 308 2624 feruntur,
322 2581 372 2628 Sper.
385 2581 423 2629 crit.
443 2581 503 2617 Gissae
516 2581 570 2617 1828.
595 2582 633 2618 Hoc
650 2586 710 2619 11111111
722 2581 806 2630 opusculo
860 2594 862 2597 ’

52 2698 54 2701 ι
65 2646 109 2682 mihi
121 2649 148 2684 uti
159 2662 195 2685 non
203 2651 264 2692 licuit,
274 2663 307 2686 nec
315 2652 370 2698 magis
378 2652 433 2688 altera
440 2652 538 2687 Hermanni
546 2653 652 2699 scriptione,
660 2653 718 2690 Ueher
726 2654 805 2690 Platon's

65 2716 178 2755 Schriltstell.
190 2720 264 2756 Motire.
282 2721 381 2768 Epistulam
393 2722 412 2757 H
425 2722 518 2768 diligenter
527 2723 634 2759 examinavit
644 2724 739 2771 Wiegand,
752 2725 806 2771 Symb

65 2788 111 2825 0111.
123 2789 142 2825 iu
153 2790 200 2826 Plat.
212 2791 246 2839 Ep.
259 2792 283 2828 II.
301 2792 388 2828 Wormat.
401 2794 455 2829 1854.

34 2912 38 2916 .
89 2859 107 2904 1)
119 2859 202 2907 Appellat
218 2874 256 2898 eam
269 2862 310 2906 „ein
322 2863 453 2899 authentisches
465 2864 565 2900 Doenment
577 2866 606 2900 fiir
619 2865 687 2901 Plato's
699 2869 767 2902 aussere
776 2867 812 2902 und

64 2929 124 2965 iuuere
136 2931 324 2979 11111111311011111111.υ
336 2946 354 2981 p.
366 2934 408 2970 424.
471 2939 473 2942 ’
