1932 3115
425 150 470 193 239

77 317 135 363 quae
146 302 306 364 philosophum
314 301 373 347 inter
382 286 407 346 et¹
412 301 546 363 magistrum
553 301 625 363 ipsius
633 300 756 347 Isocratem
766 299 818 345 fuit.

77 387 152 447 Quam
175 405 260 450 aequus
283 388 352 449 fuerit
376 388 476 434 Platonis
493 388 576 450 judex,
600 394 692 451 apparet
711 405 723 434 e
742 386 819 433 libello

77 494 144 544 quem
162 477 233 524 edidit
249 476 308 524 acad
325 482 364 531 τῆς
379 475 494 528 Πλάτωνος
512 476 632 535 διατριβῆς,
650 476 674 522 111
691 492 736 537 quo
748 479 820 521 osten·

78 564 112 611 dit
133 564 235 611 Platonis
259 563 360 625 dialogos
383 568 440 633 esse¹
453 563 552 621 ἀχρείους
574 563 610 609 nul
625 552 710 621 ψευδεῖς
728 562 819 624 (Athen.
882 617 884 620 .

78 651 127 708 XI,
144 669 167 714 p.
186 653 249 714 508),
260 667 342 712 eosque
353 650 451 696 maxima
461 666 502 712 pro
513 655 576 712 parte
588 667 614 697 en
625 650 748 713 Aristippi,
757 649 821 695 Anti-

30 740 31 743 ’
79 740 164 785 sthenis
190 744 212 785 et
237 739 344 801 Brysonis
359 739 457 785 scriniis
478 738 610 800 compilatos
633 755 687 784 esse.
724 738 820 800 Exque

80 827 184 890 colligere
200 827 264 885 licet,
283 843 351 888 quam
369 843 466 887 aequum
483 831 505 872 et
521 824 636 887 integrum
649 827 697 872 eius
708 825 819 888 judicium

79 916 147 961 fuerit
164 915 192 961 de
208 920 308 977 tempore
320 931 333 960 a
343 914 439 961 Platone
450 914 476 960 in
488 914 539 960 aula
551 913 690 976 Syracusana
700 918 820 960 transacto.

112 1003 144 1049 At
171 1019 218 1049 non
246 1003 320 1049 solum
348 1002 465 1063 aequales,
493 1001 532 1048 sed
554 1002 622 1048 etiam
643 1002 727 1064 posteri
748 1001 823 1047 Plato-

79 1107 130 1136 nem
146 1091 251 1137 insectati
268 1095 329 1137 sunt.
364 1089 498 1136 Academiae
515 1089 632 1137 celebritas
653 1095 675 1136 et
690 1090 750 1136 fama
765 1088 823 1135 mul·

79 1183 154 1224 torum
171 1178 276 1224 excitavit
292 1177 412 1235 inuidiam,
440 1178 480 1239 qui
502 1177 581 1224 odium
598 1182 643 1239 quo
660 1177 759 1223 scholam
775 1193 823 1238 per-

80 1266 232 1327 sequebantur
263 1266 288 1312 in
313 1266 394 1312 ducem
419 1271 441 1312 et
466 1271 581 1312 auctorem
605 1269 728 1312 verterunt.
761 1263 823 1310 Inter

81 1354 193 1417 auditores
212 1359 234 1401 et
251 1354 333 1400 amicos
350 1354 451 1400 Platonis
474 1354 542 1401 multi
563 1354 656 1400 fuerunt
671 1352 784 1415 principes
801 1357 823 1398 et

81 1442 181 1499 nobiles‚·
204 1459 301 1503 quorum
324 1442 418 1505 superbe
442 1448 482 1488 aut
503 1442 624 1504 imperiose
641 1442 700 1487 facta
716 1441 823 1502 magistro

81 1530 235 1591 imputarunt,
254 1520 337 1594 'eodem
359 1531 466 1577 nimirum
481 1532 544 1592 jure,
563 1546 608 1591 quo
626 1529 709 1575 Critiae
725 1534 748 1575 et
764 1528 824 1575 Alci-

82 1617 153 1664 biadis
175 1618 261 1679 flagitia
282 1617 368 1664 Socrati
386 1604 474 1665 crimini
491 1618 543 1664 data
565 1622 619 1664 sunt
639 1617 667 1664 ab
685 1616 823 1663 adversariis.

82 1705 212 1751 Athenaeus
233 1697 309 1767 plures
332 1705 434 1752 Platonis
452 1705 565 1764 auditores
581 1705 684 1751 nominat·
699 1704 724 1750 111
741 1703 824 1765 quibus

81 1793 183 1854 magistri
199 1793 287 1840 indoles
305 1794 415 1852 rapuerint
432 1794 468 1841 nul
483 1793 582 1851 traderer
599 1792 739 1855 apparuisset
744 1811 751 1848 3
764 1792 824 1839 idem

80 1887 156 1927 narrat
180 1881 298 1928 Platonem
320 1881 426 1944 Philippo
444 1898 509 1943 opem
526 1881 605 1927 tulisse
622 1882 647 1927 in
663 1880 774 1942 potiundo
791 1897 824 1926 re-

81 1985 125 2030 gno
143 1968 299 2026 Macedoniae,
317 1968 424 2016 Perdicca
440 1969 519 2016 fraude
537 1970 695 2016 circumvento.
707 1969 725 2030 l)
744 1968 824 2014 Eidem

81 2056 222 2118 imputarunt
243 2057 305 2118 quod
322 2057 438 2119 Callippus
456 2057 565 2113 Dionem,
589 2057 702 2120 hospitem
719 2074 785 2103 suum
803 2062 825 2102 et

82 2144 181 2191 sodalem
202 2145 227 2190 in
249 2144 380 2202 Academia,
402 2126 552 2192 interemisset
569 2145 660 2206 (Athen.
678 2145 702 2191 ll.
720 2162 742 2207 p.
762 2146 824 2205 508).

82 2231 148 2278 Hane
165 2232 342 2279 criminationem
359 2233 438 2279 acriter
454 2234 539 2279 refutat
552 2233 654 2295 Epistola
665 2232 723 2289 VH,
741 2250 764 2294 p.
777 2234 824 2278 333

82 2320 113 2377 E,
137 2337 194 2382 quae
215 2320 314 2366 declarat
331 2319 461 2382 Callippum
477 2321 571 2382 eiusque
587 2321 678 2366 fratrem
694 2320 775 2366 Dionis
792 2336 826 2365 so-

82 2408 143 2455 dales
164 2394 233 2454 fuisse
255 2409 291 2455 οὐκ
313 2409 337 2455 ἐκ
358 2408 489 2482 φξλοσοφίοις
510 2408 612 2465 γεγονότε
634 2408 705 2467 φίλω,
731 2409 783 2454 ἀλλ’
802 2409 825 2453 ἐκ
853 2439 854 2442 =

92 2609 125 2653 Δ1)
138 2608 179 2644 Vid.
192 2607 294 2643 Athenaeus
311 2607 345 2649 XI,
363 2618 381 2653 p.
399 2608 434 2642 5⁰8
447 2609 465 2641 et
478 2607 524 2650 5053
538 2608 567 2654 qni
580 2609 643 2642 testem
655 2607 708 2643 huius
720 2608 825 2644 narrationis

83 2678 126 2714 citat
145 2678 240 2714 Curiatium
257 2678 393 2724 Pergamenum,
412 2677 441 2712 cui
457 2670 494 2724 ipse
512 2680 571 2713 tamen
583 2689 655 2725 parvam
666 2677 699 2713 hnc
710 2677 730 2713 in
742 2690 761 2714 re
773 2679 826 2714 fidem
862 2708 864 2710 .

83 2749 148 2792 habet,
160 2749 234 2785 addens:
247 2753 297 2785 τοῦτο
309 2746 324 2785 δ’
332 2751 380 2799 εἴπερ
393 2750 444 2790 οὕτως
456 2751 534 2791 ἀληθείας
548 2752 594 2796 ἔχει,
609 2751 644 2790 θεὸς
657 2752 677 2785 ἂν
688 2750 744 2792 εἰδείη.
765 2750 826 2785 Fuisse

84 2821 144 2854 tamen
156 2819 280 2854 commercium
291 2818 384 2854 Platonem
396 2818 443 2854 inter
455 2821 473 2854 et
486 2818 597 2862 Perdiccam,
609 2818 674 2867 indicio
688 2824 714 2855 est
722 2804 830 2866 Epistol-all,

85 2890 151 2936 scripta
164 2890 185 2925 ad
198 2890 307 2933 Perdiccam,
320 2901 365 2937 quae
377 2902 432 2936 quum
444 2890 537 2927 maximam
549 2889 629 2926 Platonis
637 2891 777 2926 benevolentiam
785 2903 825 2937 erga

86 2972 126 2995 eum
139 2961 203 3008 spiret,
215 2961 281 3008 scripta
293 2963 320 2996 cst
332 2961 404 2996 fortasse
416 2961 438 2995 ad
451 2961 556 2996 calumniam
567 2960 620 2996 istam
632 2961 775 3008 redarguendam.
