1932 3115
514 150 559 193 168

167 309 222 360 test,
240 304 294 350 istas
311 303 449 348 narrationes
467 319 478 348 e
495 302 554 348 fama
565 302 641 364 potius
653 318 719 362 quarn
732 319 744 348 e
756 302 844 348 disertis
856 317 906 347 arro-

166 398 241 438 torum
263 391 396 438 testimoniis
419 376 516 437 fluxisse.
555 389 678 452 Praecipue
699 395 780 436 notatu
800 390 906 451 dignum,

168 479 229 542 quod
246 497 259 526 a
275 479 390 541 Diogene,
405 468 495 540 'praeter
507 478 643 525 Hermodori
654 479 808 525 testimonium
820 477 848 524 de
858 494 908 539 pro-

167 569 263 615 fectione
285 567 424 630 Megarensi,
448 567 525 613 nullus
548 567 584 613 his
604 566 714 613 derebus
732 567 795 613 testis
813 565 907 622 citatur,

169 672 302 718 quamquam
327 655 475 717 quadraginta
498 654 594 716 amplius
617 655 742 715 scriptoresv
760 654 788 700 ad
807 653 908 700 Platonis

168 731 237 791 vitam
261 743 443 791 conscribendam
469 742 585 799 adhibuit,
609 759 706 803 qnorum
727 743 795 790 multi
818 742 846 788 Pl
860 741 910 788 toni

168 850 275 895 suppares
297 833 396 878 inierunt.
430 830 459 877 ld
481 831 580 893 prolecto
598 847 681 877 conos
699 830 774 887 ducit,
792 835 818 876 ut
835 830 909 876 creda-

167 937 218 968 mus
243 920 333 966 illorum
358 919 470 966 neminem
493 918 520 965 de
545 911 646 964 Platonis
668 919 708 964 illa
730 918 909 981 peregrinatione

168 1007 272 1054 retulisse
281 1007 298 1069 l)
321 1023 413 1067 eamque
435 1006 495 1052 fama
516 1006 593 1068 potius
610 1022 678 1067 quam
694 999 811 1052 literarum
827 1022 909 1052 memo-

150 1099 152 1102 ’
170 1096 203 1142 ria
220 1113 266 1141 esse
284 1095 428 1156 divulgatam.

202 1184 231 1231 In
247 1184 290 1230 hoc
308 1189 383 1230 autern
400 1200 477 1230 omnes
494 1184 533 1229 isti
550 1183 668 1245 scriptores
681 1183 831 1239 consentiunt,
849 1182 909 1244 quod
962 1246 965 1249 y

168 1272 286 1319 Platonem
300 1273 381 1318 itinera
391 1272 443 1328 illa,
457 1288 514 1333 quae
525 1272 600 1333 plures
612 1288 682 1317 annos
695 1271 825 1328 durassent,
838 1287 910 1317 susce-

168 1362 228 1424 pisse
245 1360 324 1407 dicunt
340 1360 403 1406 brevi
419 1364 471 1421 post
486 1364 581 1406 mortem
593 1359 690 1405 Socratis
702 1364 812 1421 tempore,
828 1363 908 1420 atque,
923 1340 925 1345 ι

169 1454 196 1495 ut
212 1447 316 1494 Laertius
334 1447 409 1504 addit,
427 1444 547 1508 antequam
564 1446 664 1493 scholam
680 1448 704 1492 in
721 1447 842 1493 Academia
859 1463 909 1493 eon·

170 1535 275 1581 didisset:
301 1535 344 1582 hoc
368 1540 413 1592 est,
434 1551 474 1596 per
491 1535 566 1596 ipsum
582 1534 641 1580 illud
658 1539 758 1596 tempus,
779 1551 818 1596 per
835 1534 908 1595 quod,

169 1624 294 1671 secundum
310 1623 536 1685 Epistolographum‚
554 1622 619 1668 Plato
636 1623 731 1668 Athenis
749 1622 823 1683 degit,
835 1622 860 1667 in
871 1638 909 1684 po-

168 1712 236 1759 liticis
258 1709 357 1757 consiliis
375 1715 396 1757 et
414 1710 569 1773 philosophiae
586 1710 667 1756 studiis
685 1704 814 1772 occupatus.
848 1708 909 1756 Nam

169 1799 231 1862 quod
261 1799 359 1845 scholam
381 1798 469 1861 aperuit
491 1798 516 1844 in
538 1798 671 1854 Academia,
695 1797 719 1844 id
742 1802 801 1844 certe
825 1797 910 1844 iactum

170 1942 294 1949 .-.--

193 2034 210 2074 1)
222 2033 272 2068 Unus
287 2033 362 2067 fortasse
373 2032 423 2067 testis
432 2032 490 2066 afferri
499 2031 556 2078 possit
567 2031 688 2078 gravissimus,
702 2031 824 2073 Aristoxenus,
839 2032 857 2066 in
870 2032 911 2067 Vita

169 2104 258 2146 Platonis,
279 2115 288 2138 e
309 2115 343 2149 qno
363 2103 459 2138 Aristocles
478 2102 524 2148 apud
536 2102 632 2137 Eusebium
650 2091 712 2148 Praep.
728 2102 761 2136 En.
779 2102 816 2144 XV,
838 2103 854 2144 2,
869 2103 911 2137 haec

169 2162 231 2210 refert:
249 2179 265 2211 ἐν
283 2179 318 2225 γὰρ
330 2180 352 2225 τῇ
363 2176 416 2224 πλάνη
429 2176 457 2210 καί
469 2180 491 2224 τῇ
504 2174 591 2221 ἀποδημίᾳ
605 2174 785 2222 φησίν,ἑπανίστασθατ
799 2176 827 2210 καὶ
841 2179 911 2211 ἀντοικο·

170 2246 226 2292 δομεῖν
238 2247 341 2294 αὑτῷ,τινάς
352 2247 446 2294 περίπατον
458 2245 512 2286 ξένους
524 2244 577 2285 Ισ’ντοις.
598 2244 631 2278 Sed
643 2243 769 2278 Aristoxenum
782 2244 814 2278 hac
822 2245 910 2293 ἀποδημίᾳ

169 2316 275 2351 intellexisse
293 2315 364 2351 tertiam
382 2315 509 2361 profectionem
526 2315 544 2349 in
559 2314 637 2349 Siciliam
649 2314 726 2349 ostendit
738 2314 836 2357 Aristides,
850 2315 880 2357 II,
894 2329 912 2362 p.

137 2383 139 2386 ’
170 2387 215 2427 324,
233 2386 286 2421 Dind.
304 2386 346 2421 haec
363 2386 449 2422 scribens:
467 2389 527 2435 ἕτεροι
538 2384 580 2423 δὀὔ
598 2387 647 2435 panta
661 2373 713 2427 ἀληθῆ
726 2387 778 2431 λέγειν
789 2387 866 2432 τούτους,
881 2388 910 2427 ὡς,

170 2459 198 2493 ὅτε
214 2461 244 2499 τὴν
260 2459 318 2507 τρίτην
334 2458 429 2503 ἀποδημίαν
446 2460 468 2498 εἰς
485 2458 557 2493 Σικελίαν
569 2450 676 2503 ἀπεδήμησε,
689 2461 729 2492 τότε
741 2465 775 2492 τῶν
787 2459 858 2505 ἑταίρων
870 2459 912 2497 τινὲς

170 2529 221 2564 αὐτοῦ
233 2530 261 2564 καὶ
273 2535 304 2564 τῶν
316 2532 339 2569 εἰς
351 2532 374 2564 τὰ
386 2530 463 2574 μάλιστα
475 2529 581 2580 ὡμιληκοτων
593 2528 715 2576 ὑπολειφθέντες
729 2530 769 2563 οἴκοι
781 2533 855 2576 νεώτερα
867 2531 913 2574 ἐβου-

169 2598 283 2634 ledaeum...
303 2601 319 2635 oi
340 2600 363 2635 δὲ.
376 2599 466 2648 διατριβάς
482 2613 503 2634 τε
518 2601 640 2642 eratanostrae
656 2599 711 2638 αὐτοῖς
727 2599 782 2638 ἠξίουν
798 2599 865 2639 πλήσιον
882 2604 912 2639 τῆς

170 2669 229 2704 ἐκείνου
240 2670 267 2704 καί
280 2670 371 2717 ᾠκοδόμουν
382 2671 410 2705 ἐπὶ
422 2674 443 2718 τῇ
456 2666 554 2715 Ἀκαδημίᾳ.
579 2668 651 2714 Spectat
663 2667 696 2701 hoc
709 2667 801 2701 manifeste
813 2657 834 2701 ad
843 2667 911 2702 Aristo-

169 2737 229 2773 telem.
253 2739 309 2784 Atqui
321 2739 360 2774 luce
373 2739 436 2774 clarius
449 2741 476 2774 est
488 2739 581 2773 Platonem
591 2737 694 2784 longinquas
703 2737 742 2771 illas
751 2737 911 2783 peregrinationes,

169 2807 184 2842 si
201 2808 289 2854 suscepit,
307 2809 363 2844 multo
381 2814 421 2843 ante
434 2809 529 2855 suscepisse
542 2820 594 2854 quam
611 2807 715 2842 Aristoteles
734 2807 812 2842 Athenas
825 2808 911 2857 uenisset,

169 2877 243 2923 ideoque
261 2878 282 2912 ad
298 2878 362 2913 itinera
376 2878 394 2913 in
407 2880 516 2925 Aegyptum,
529 2881 562 2913 cet.
574 2878 617 2912 haec
630 2877 731 2912 Aristoxeni
745 2878 796 2912 verba
808 2878 869 2913 referri
882 2890 912 2913 ne-

170 2950 242 2996 queunt.
267 2948 367 2985 Aristoxeni
379 2950 428 2985 locus
441 2950 487 2998 fugit
500 2942 690 2992 srahriumjnristot.
703 2949 718 2985 Ι.
731 2961 749 2996 p.
764 2949 794 2986 52.
