1932 3115
390 197 402 251 χ
429 187 475 231 aaa

78 318 121 387 m}
139 349 165 400 τῇ
181 341 291 399 τυραννίδι.
325 338 468 397 Quibuscum
487 338 619 385 eonferenda
636 343 689 383 sunt
705 354 762 398 quae
774 338 825 382 seri·

87 427 119 474 bit
136 428 230 484 ibidem,
248 445 270 489 p.
290 429 343 473 330v
356 426 387 483 B,
406 428 452 472 333
477 427 498 472 A
515 426 546 482 O,
572 431 621 472 tum
640 427 665 471 in
681 424 753 487 Epist.
772 424 825 480 HI,

86 532 107 577 p.
127 518 172 562 313
196 514 228 571 Ε,
252 531 263 560 e
284 531 329 575 quo
346 514 395 560 loeo
413 519 505 576 apparet
524 514 712 560 ealumniatorum
733 513 824 560 illorum

86 603 209 665 principem
221 602 345 648 Philistum
355 602 431 648 fuisse.
449 601 492 648 His
505 601 607 647 addenda
618 606 671 647 sunt
680 617 737 661 quae
748 600 826 662 legun

6 728 18 737 .,
86 695 123 736 tur
145 690 217 752 Epist.
235 689 300 759 VH,
323 706 346 752 p.
365 691 411 736 349
432 688 463 746 E,
485 689 525 736 uhi
541 688 663 750 Dionysius
684 687 774 735 Platoni
791 705 826 735 es-

85 778 190 840 prohrat:
213 777 244 826 tri
266 782 337 831 καλῶς
358 778 440 839 οὐδαμῇ
458 784 523 829 ποιεῖς
540 777 612 825 Atera
629 776 664 823 aa)
682 777 730 828 τοὺς
748 776 824 828 Δίωνος

85 866 162 927 φίλους
178 866 212 913 ἀεὶ
228 865 275 925 περὶ
288 867 383 919 πλείονος
397 867 462 913 αὐτοῦ
477 865 533 926 (scil.
547 869 584 912 τοῦ
602 864 717 926 Διονυσίου)
729 864 825 921 ariadne·

86 973 130 1006 ror:
149 954 211 1016 quod
227 954 324 1000 salutern
339 953 432 1010 Dionis,
451 952 589 1010 Heraclidis,
606 952 727 999 Theodotis
745 957 827 1000 eetero-

85 1059 181 1103 rumque
202 1043 292 1104 tpranni
314 1042 456 1088 inimieorum
473 1040 544 1103 magis
562 1040 624 1088 cordi
645 1040 738 1087 haberet
758 1057 825 1103 quarn

85 1129 157 1191 ipsius
174 1129 295 1194 amicitiam
312 1134 334 1175 et
350 1129 536 1176 incolumitatem.

118 1216 171 1264 Alia
187 1216 334 1279 spargebatur
350 1212 488 1274 criminatio,
507 1216 568 1278 quod
579 1215 644 1263 Plato
655 1216 764 1278 Dionysio
776 1233 825 1263 sua-

86 1303 148 1351 deret
164 1310 191 1351 ut
206 1303 348 1367 imperiosius
366 1322 389 1351 se
406 1309 505 1367 gereret,
523 1303 630 1366 quodque
647 1305 668 1351 ei
685 1304 825 1351 dissuaderet

85 1391 110 1438 id
126 1392 201 1454 ipsum
217 1392 279 1453 qnod
295 1398 372 1454 postea
385 1392 483 1439 Dionem
499 1397 527 1439 ut
542 1392 624 1438 faceret
639 1391 743 1438 hortatus
755 1396 825 1447 esset,

85 1497 114 1526 ne
130 1479 219 1527 Siciliae
236 1480 336 1527 civitates
353 1481 377 1527 in
393 1480 520 1527 libertatem
537 1481 665 1527 restitueret
682 1481 712 1541 (p.
728 1479 825 1541 3151)).

86 1567 123 1614 Ad
144 1567 201 1614 hane
222 1568 399 1615 criminationem
416 1567 558 1615 refutandam
575 1568 661 1630 scripta
674 1574 708 1615 est
724 1567 827 1630 Epistola

44 1639 46 1643 ‚
84 1654 204 1712 HLinde
221 1672 267 1717 ap.
280 1657 327 1701 319
345 1656 378 1712 A,
397 1661 419 1702 et
436 1655 529 1702 eandem
546 1655 574 1703 ob
584 1656 661 1702 oeulos
671 1656 754 1703 habere
765 1656 825 1703 vide·

85 1747 123 1789 tur
134 1742 237 1805 Epistola
247 1742 307 1800 VH,
324 1725 347 1806 p.
366 1745 412 1790 332
430 1743 462 1800 Ε,
480 1743 521 1790 ubi
537 1743 602 1789 Plato
620 1743 675 1790 dicit
690 1748 788 1806 tyranno
801 1760 824 1789 se

85 1831 215 1887 ostendisse,
228 1831 252 1877 id
260 1831 356 1877 maxime
364 1831 506 1878 salutiferum
517 1832 576 1888 fore,
586 1832 603 1878 e}
611 1832 652 1884 τὰς
662 1829 824 1887 ἐξηρημωμένας

85 1919 186 1971 Σικελίας
198 1918 271 1971 πόλεις
284 1918 410 1966 aaroralaar
425 1919 493 1976 νόμοις
504 1938 529 1967 τε
538 1919 643 1975 {nutrires
652 1919 687 1966 ant
700 1919 824 1972 πολιτείαις.

118 2005 223 2052 Ceterum
240 2005 334 2052 discidia
351 2011 374 2053 et
385 2007 461 2068 jurgia
471 2007 590 2054 Platonem
600 2007 659 2054 inter
672 2013 694 2054 et
705 2013 826 2069 tyrannum

84 2109 129 2140 non
146 2093 205 2140 intra
221 2095 295 2156 regiae
311 2095 409 2157 parietes
424 2099 529 2143 contenta
545 2096 627 2153 fuisse,
645 2095 684 2142 sed
701 2096 725 2142 in
741 2096 824 2158 vulgus

84 2181 162 2238 elata,
172 2198 242 2242 eaque
258 2183 336 2229 multis
347 2184 476 2230 rumoribus
485 2201 562 2231 ausam
573 2184 672 2241 dedisse,
686 2201 738 2231 eum
748 2201 788 2246 per
801 2202 825 2231 se

70 2253 190 2317 eredibfle
212 2275 258 2327 est,
285 2276 334 2317 tum
351 2272 435 2319 indicio
453 2278 486 2319 est
504 2273 566 2333 quod
583 2290 597 2319 a
613 2273 735 2319 Plutarcho
752 2289 827 2319 narra·

84 2361 122 2403 tur
138 2357 259 2404 in'Timol.
272 2375 291 2405 o.
305 2360 342 2405 15.
364 2359 472 2422 Legimus
489 2360 522 2407 ibi
538 2360 699 2407 Aristoxenum
715 2360 754 2406 nal
765 2378 825 2413 raras

84 2445 177 2501 danaae,
199 2462 244 2506 quo
266 2450 367 2509 tempore
389 2447 455 2493 Plato
476 2448 524 2510 jam
546 2449 605 2495 diem
626 2448 724 2504 obierat,
743 2448 827 2511 Diony·

84 2533 143 2580 sium
168 2532 272 2580 Corinthi
294 2534 434 2581 exsulantem
455 2535 535 2583 adiisse
558 2540 627 2582 etex
652 2551 677 2581 eo
700 2535 825 2582 sciscitatos

85 2638 145 2668 esse:
162 2619 233 2669 tarta
250 2622 308 2680 αὐτῷ
322 2622 359 2668 aa>
377 2622 409 2676 τίς
424 2626 437 2679 ἦ
454 2622 503 2682 πρὸς
519 2623 629 2671 nstrata
640 2622 721 2680 γένοιτο
732 2623 824 2682 μέμψις.

85 2709 174 2768 Quibus
191 2709 230 2757 ille
247 2710 388 2772 respondisse
404 2711 483 2768 fertur,
502 2711 645 2758 adulatorum
656 2711 826 2758 machinationi-

84 2796 127 2843 bus
144 2813 168 2843 se
185 2797 273 2854 fructu,
298 2814 365 2859 quem
383 2798 496 2861 percipere
515 2817 526 2846 e
543 2798 645 2846 Platonis
663 2799 826 2847 consuetudine

84 2884 206 2947 potuisset,
224 2885 359 2933 destitutum
375 2903 429 2933 esse.

116 2971 198 3033 Neque
225 2973 353 3021 mirandum
376 2975 396 3020 si
417 2953 510 3022 fuerunt
530 2976 570 3037 qui
592 2975 683 3023 Platoni
704 2976 728 3022 id
750 2975 825 3038 ipsum
