1932 3115
422 121 467 165 aaa
535 110 537 113 ⁴

69 274 112 320 bus
141 273 227 320 Socrati
255 274 341 335 primae
362 273 466 341 ‘tributae
488 280 554 331 sunt,
578 274 606 320 ab
632 274 813 337 epistolographo

69 361 194 420 Σωκρατεια
221 361 281 417 λόγοι
308 366 417 407 uocantur
440 362 470 422 (p.
489 362 535 407 363
551 363 587 423 Α).
623 361 652 408 ln
672 361 748 413 eodem
768 361 814 407 dia-

69 451 121 511 logo
146 450 219 496 multa
243 450 351 510 leguntur
377 465 434 510 quae
459 466 471 495 e
499 449 689 511 Pythagoreorum
712 450 813 496 doctrina

70 543 124 584 sunt
141 538 256 594 desumta3
275 554 293 583 e.
312 554 333 598 g.
352 554 409 598 quac
427 537 572 599 disputantur
589 537 617 584 de
634 538 703 584 animi
721 537 814 584 elemen-

70 626 99 672 tis
123 625 247 672 secundum
270 626 439 672 mathematicas
460 631 481 672 et
498 626 595 672 musicas
612 610 709 673 rationes
727 642 814 687 compo-

70 713 131 769 sitis,
150 730 172 774 p.
185 715 281 760 34-37
288 734 295 770 ς
308 713 336 759 (le
347 719 433 774 septem
444 714 525 759 mundi
537 713 650 775 sphaeris,
669 730 691 774 p.
704 714 813 769 39--405

71 800 98 847 (le
115 801 193 863 figuris
210 802 386 858 mathematicis,
405 818 461 863 quas
478 800 568 863 singula
586 801 695 847 elementa
706 801 812 856 referant,

71 906 93 951 p.
113 890 218 935 ila—26.
244 889 297 936 Vid.
315 889 459 936 Stallbaumii
474 889 600 951 Prolegom.
620 888 647 935 ad
664 887 721 934 Tim.
740 905 762 949 p.
775 889 813 936 37.

70 977 154 1024 Tamen
173 977 236 1024 haud
253 978 299 1024 scio
317 995 345 1024 an
358 977 430 1024 etiam·
441 978 485 1023 boc
502 977 570 1023 titulo
590 977 665 1038 potius
682 982 815 1024 commenta-

69 1065 116 1112 rius
134 1065 214 1127 aliquis
233 1065 334 1112 Platonis
352 1054 443 1112 nomine
455 1065 528 1112 editus
546 1065 690 1126 significetur.
724 1064 814 1127 Simpli-

51 1191 53 1194 .
71 1153 126 1213 cius
144 1152 173 1199 acl
195 1153 289 1200 Aristot.
313 1140 341 1199 de
364 1154 439 1200 Anim.
462 1153 509 1225 lob
522 1153 538 1197 6⁴
558 1152 591 1209 B,
610 1157 685 1199 narrat
702 1153 814 1198 exstitisse

71 1242 199 1287 Aristotelis
209 1241 394 1288 commentarium
403 1241 449 1299 περὶ
462 1242 568 1301 τάγαθοῦ,
583 1257 650 1302 quem
662 1240 758 1287 eundem
769 1241 815 1299 περὶ

71 1330 201 1389 muneratae
224 1330 358 1391 inscriptum
380 1329 462 1386 luisse,
484 1345 529 1390 quo
548 1329 716 1375 continerentur
732 1328 816 1390 Pytha-

71 1433 190 1480 goreorum
212 1423 234 1464 et
248 1417 349 1465 Platonis
367 1417 450 1479 placita
467 1417 495 1464 de
511 1417 576 1464 ideis.
603 1416 678 1464 Verba
695 1417 743 1463 eius
760 1417 814 1463 haec

72 1512 137 1553 sunt:
159 1506 216 1566 περὶ
238 1507 402 1567 φιλοσοφίας
424 1511 459 1554 αὖα
479 1506 540 1562 λέγει
561 1507 595 1553 τα
616 1506 673 1565 περὶ
696 1506 815 1562 τάγαθοῦ

72 1595 130 1653 αὐτῷ
151 1594 213 1655 (scil.
225 1594 375 1656 Ἀριστοτέλει)
399 1597 422 1641 ἐκ
439 1601 477 1648 τῆς
494 1593 609 1646 Πλάτωνας
626 1594 816 1652 ἀναγεγραμμένα

71 1682 191 1743 Ξυνουσίας,
209 1685 230 1730 ἐν
251 1679 280 1735 οἷς
298 1684 377 1742 ἱστορεῖ
391 1682 431 1736 ταὶς
448 1702 473 1730 τε
490 1683 683 1739 Πυθαγορείους
699 1683 736 1728 καὶ
753 1690 815 1729 Πλα-

71 1771 160 1821 carruca
186 1771 232 1829 περὶ
256 1775 296 1817 τῶν
322 1770 384 1817 ὄντων
413 1769 482 1825 δόξας.
517 1769 603 1816 Eadem
625 1770 733 1831 leguntur
756 1768 816 1831 apud

71 1849 224 1920 Philoponum
240 1857 273 1903 ad
295 1858 318 1905 h.
335 1858 364 1915 l.‚
386 1858 468 1920 quibus
486 1858 605 1920 adjiciatur
622 1856 703 1903 Suidas
719 1858 744 1903 in
760 1873 814 1903 voce

72 1946 139 2001 αγαθ,
158 1945 218 2002 lurp.
244 1944 297 2007 (Vol
320 1944 345 2002 l,
366 1946 411 2007 col.
436 1947 474 1992 36.
497 1945 531 1992 ed.
557 1945 657 2006 Berlin).
692 1944 762 2006 Saepe
778 1944 816 1991 hic

72 2032 129 2080 liber
150 2033 197 2092 περὶ
219 2035 317 2090 fateor
341 2035 423 2080 citatur
441 2033 468 2081 ab
486 2034 635 2101 Aristotelicis
654 2038 676 2080 et
691 2033 816 2079 Platonicis

72 2121 177 2182 (quorum
199 2121 328 2168 testimonia
350 2123 463 2184 congessit
485 2122 617 2169 Brarrdisius
640 2121 690 2168 libr.
708 2121 770 2166 laud.
791 2138 813 2182 p.

74 2210 137 2255 3-8
156 2215 178 2255 et
195 2226 216 2270 p.
236 2210 287 2270 ss),
307 2226 383 2256 rerum
400 2215 446 2257 tam
464 2211 571 2267 obscure,
583 2215 622 2267 ut,
635 2216 713 2256 utrum
724 2209 817 2255 illorum

72 2297 191 2343 relationes
203 2314 215 2343 e
227 2296 285 2343 fama
299 2314 327 2343 an
345 2298 410 2343 certis
428 2315 440 2344 e
452 2298 603 2344 monumentis
616 2297 697 2344 [luctae
710 2302 731 2343 et
743 2296 818 2358 procli-

73 2390 109 2432 tae
126 2386 184 2442 sint,
202 2385 292 2432 dubites
301 2385 320 2446 1)
338 2401 406 2446 quare
424 2403 450 2432 er
466 2386 570 2443 illorum,
582 2385 749 2433 narrationibus
762 2386 817 2431 certi

74 2473 129 2535 quid
152 2478 249 2521 statuere
271 2490 317 2520 non
339 2472 399 2521 licet.
429 2473 528 2521 Maxime
548 2473 693 2521 memorabile
712 2473 770 2520 mihi
785 2474 820 2530 ri-v

99 2657 116 2700 l)
128 2656 157 2691 Ex
169 2655 294 2707 interpretibus
307 2655 337 2702 qni
350 2655 405 2691 citant
419 2656 565 2690 commentarium
575 2658 615 2705 περὶ
620 2658 704 2703 τάγαθοῦ,
714 2655 817 2691 Brandisins

75 2730 126 2775 putat
141 2722 229 2763 neminem
243 2730 312 2774 praeter
329 2727 447 2762 Alexandrum
465 2726 591 2772 Aphrodisium
603 2726 650 2762 hunc
662 2727 682 2761 in
694 2727 774 2762 manibus
787 2726 818 2761 ha-

75 2799 133 2833 buisse
146 2797 192 2843 (libr.
205 2798 251 2834 laud.
264 2810 282 2844 p.
294 2799 320 2842 4).
333 2797 503 2843 Trendelenhurgins
516 2801 573 2832 auten]
588 2797 606 2842 (l.
619 2798 631 2833 l.
640 2810 658 2845 p.
669 2798 698 2841 29)
707 2798 760 2833 etiam
765 2798 817 2832 buius

75 2854 190 2904 relationibus
211 2869 232 2904 de
253 2870 286 2904 boc
307 2881 359 2916 opere
377 2872 427 2904 caute
444 2868 495 2922 nobis
512 2869 596 2904 utendum
614 2880 651 2903 esse
668 2873 737 2912 monct,
755 2869 818 2915 quippe

76 2942 105 2986 qui
117 2952 203 2987 nusquam
216 2941 254 2986 ipsa
266 2940 368 2985 Aristotelis
381 2940 433 2975 verba
446 2942 512 2976 afferat.
