1932 3115
488 120 534 164 126

107 278 112 287 ³
138 290 227 320 scenam
249 274 360 336 producta
381 279 421 320 est.
447 274 585 331 Ἀρίστυλλος
602 273 709 319 nimirum
726 272 820 319 ridicule
840 272 883 317 lac-

134 367 187 409 tum
204 379 231 408 ex
248 364 385 422 Ἀριστοκλῆς
403 362 438 422 (ut
456 377 482 407 en
502 362 610 419 Ἡροονλῆς
625 361 752 422 Ἥρνλλος),
771 359 832 421 quod
844 377 883 406 no-

137 467 190 496 men
200 450 292 496 Platoni
302 450 353 496 tuit.
366 451 382 511 ¹)
399 449 414 494 J
415 466 451 494 am
463 448 630 494 Ecclesiaausae
640 448 716 500 editae
728 453 781 494 sunt
789 449 882 494 ineunte

138 537 174 584 Ol.
200 540 229 585 97
252 538 287 584 vel
303 555 349 583 non
366 537 438 583 multo
456 541 518 597 post,
537 553 564 581 ex
581 553 626 597 quo
644 536 763 593 efficiatur,
781 535 882 582 Platonis

137 626 251 672 Πολιτείοον
268 624 336 687 paulo
349 632 399 671 aute
411 624 454 670 hoc
465 629 554 686 tempus
567 624 649 670 editam
662 642 722 681 esse,
736 641 806 686 quum
817 623 882 670 Plato

138 720 197 759 esset
207 729 278 774 paene
291 712 495 774 quadragenariuS,
513 712 591 773 paucis
609 718 661 759 ante
678 713 742 759 anuis
755 729 822 773 quam
839 712 882 757 iter

137 802 162 847 iu
178 801 269 847 ltaliam
287 801 392 862 suscepit.
402 802 420 862 2)

171 888 235 947 Quae
253 894 330 935 eontra
348 871 510 934 Stallbaumius
528 888 631 949 disputat
646 888 671 934 in
688 869 775 949 Proleg.
787 887 814 933 ad
824 887 881 933 Plat.

136 976 164 1022 de
184 976 239 1037 Rep.
258 993 280 1037 p.
299 975 391 1032 LXIX,
410 975 439 1021 ad
456 975 634 1036 redarguendam
646 965 822 1036 Morgeusternii
836 991 884 1020 sen-

137 1064 242 1121 tentiam,
257 1080 281 1109 ea
293 1064 372 1109 merito
384 1080 430 1109 non
442 1063 598 1108 satisfecerunt
607 1056 722 1108 Meiuekio
732 1067 754 1108 et
763 1062 882 1107 Si'rckoric.

136 1151 256 1213 Leguntur
274 1151 366 1212 quidem
382 1152 407 1196 in
422 1151 540 1204 Platonica
552 1151 641 1196 civitate
654 1167 711 1211 quac
722 1156 774 1212 post
785 1151 884 1196 reditum
931 1143 934 1146 Δ

138 1239 185 1284 eius
198 1255 225 1284 ex
239 1238 344 1299 Dionysii
360 1238 412 1283 aula
426 1239 509 1300 scripta
523 1237 641 1294 videntur,
658 1243 684 1284 ut
698 1239 772 1299 imago
781 1239 883 1299 tyranni,

137 1327 222 1372 mentio
240 1325 268 1372 de
284 1325 396 1382 Ismenia,
414 1325 565 1387 Pythagorica
582 1326 692 1386 quaedam
704 1325 849 1387 (Stallbaum,
861 1343 883 1387 p.

137 1413 224 1475 LXV),
243 1413 283 1460 sed
299 1413 359 1459 nihil
373 1413 462 1459 credere
473 1430 515 1459 nos
526 1418 599 1470 vetat,
615 1413 732 1459 Platonem
744 1431 801 1475 opus
812 1413 884 1470 illud,

137 1507 257 1563 postquam
275 1501 359 1557 edidit,
377 1506 511 1547 retractasse
529 1506 552 1547 et
569 1501 715 1563 amplificasse
721 1521 728 1557 5
746 1501 791 1547 imo
809 1517 884 1547 eonos

138 1588 201 1634 ducit
216 1588 326 1634 disertum
341 1588 446 1649 Dionysii
464 1588 669 1634 Halicarnassensis
684 1589 852 1644 testimonium,
866 1589 884 1649 3)

139 1677 177 1738 qui
201 1682 288 1732 narrat,
312 1676 430 1740 Platonem
449 1676 478 1722 ad
498 1693 610 1723 summam
626 1693 699 1737 usque
716 1681 885 1722 seuectutema

137 1763 242 1809 limandis
261 1769 283 1809 et
300 1763 439 1824 expoliendis
455 1763 560 1825 operibus
577 1780 624 1810 uon
640 1763 763 1820 destitisse,
777 1768 799 1809 et
810 1763 884 1825 ipsum

136 1851 195 1897 illud
217 1867 274 1912 opus
297 1850 325 1895 de
348 1867 392 1912 quo
412 1851 528 1912 loquimur
551 1851 619 1897 etiam
639 1851 815 1897 extremo'vitae
831 1855 885 1896 tem-

139 1956 193 2001 pore
209 1920 240 1984 in
250 1939 356 1986 manibus
373 1938 488 1985 habuisse.
525 1938 586 1985 Illud
605 1943 664 1985 certe
684 1943 764 1985 notatu
777 1937 884 1999 dignum,

139 2044 196 2089 quae
218 2028 243 2074 in
265 2028 307 2074 hac
332 2028 428 2090 epistola
447 2027 475 2074 de
495 2027 597 2073 Platonis
615 2027 727 2073 sententia
744 2027 837 2089 politica
854 2026 886 2072 di-

166 2289 183 2332 1)
197 2288 289 2331 Meinelic,
301 2288 371 2336 Frugm.
384 2289 435 2325 Com.
448 2289 463 2324 Ι.
476 2271 492 2335 p
506 2289 548 2324 388.
561 2289 586 2324 Π.
599 2300 616 2335 p.
631 2289 684 2324 rica.
702 2289 768 2335 Bergk,
782 2288 821 2324 Rel.
834 2288 884 2323 Com.

141 2361 179 2395 Aac.
192 2371 210 2405 p.
223 2360 265 2402 404,
277 2363 326 2395 nota.
395 2401 398 2405 Δ

165 2431 183 2475 2)
196 2430 259 2466 Eidem
272 2430 350 2477 opinioni
363 2430 451 2465 calculum
464 2430 549 2476 adjiciunt
562 2431 694 2473 Tchonzewslei,
706 2431 727 2466 de
736 2430 784 2465 Plat.
790 2429 861 2465 Timaeo
868 2432 886 2464 et

141 2501 185 2536 Crit.
198 2501 266 2544 Kazan,
280 2501 338 2543 1847,
352 2504 369 2536 et
382 2502 466 2544 Scolon,
479 2502 524 2536 libro
538 2501 585 2536 laud.
598 2513 616 2547 p.
629 2502 652 2536 41
659 2513 697 2547 sqq.
710 2500 750 2536 Via.
758 2501 809 2534 ctiam
819 2500 886 2534 Ueber-

141 2584 187 2618 weg,
200 2572 264 2607 Echth.
278 2585 294 2607 u.
307 2573 358 2608 Zeitf.
367 2573 383 2607 d.
395 2573 441 2608 Plat.
454 2573 502 2608 Sclrr.
516 2573 574 2615 1661,
583 2584 600 2619 p.
611 2572 645 2607 121
653 2584 679 2618 sq.
692 2571 821 2606 Ecclesiazusce
830 2571 886 2605 editae

140 2643 236 2677 secuudum
253 2643 299 2678 Sam.
316 2643 395 2678 Petitnin
409 2643 437 2678 01.
450 2644 483 2685 96,
497 2646 518 2685 43
530 2643 625 2678 secundum
638 2642 746 2678 Palrncriunr
760 2641 806 2677 circa
819 2641 846 2676 Ol.
856 2641 885 2684 97,

140 2725 180 2748 oum
194 2725 228 2758 quo
242 2714 284 2749 facit
295 2714 456 2761 Morgensteruius;
469 2714 565 2749 secundnm
578 2712 700 2748 Tchorzewski
713 2712 741 2747 Ol.
754 2711 783 2753 97,
797 2712 825 2747 ἓξ
839 2693 844 2702 .

165 2784 182 2828 s)
197 2785 214 2818 n
228 2784 288 2818 ircano
303 2789 346 2835 Περὶ
359 2790 421 2822 caica.
434 2777 452 2831 ρ.
467 2772 515 2819 acu
532 2784 552 2822 ‘0
567 2787 584 2821 a
597 2787 670 2822 niara„
682 2786 720 2825 aa·
732 2785 790 2820 satra
804 2784 886 2829 aitrau,

141 2857 216 2899 κτενίζων
227 2858 254 2891 καὶ
266 2857 383 2904 βοστρυχίζων
396 2858 424 2891 καὶ
437 2860 492 2891 πάντα
502 2860 564 2905 τρόπον
576 2857 671 2891 ἀναπλέκων
683 2856 701 2890 οὐ
713 2855 783 2889 διέλιπεν
790 2853 887 2900 ὁγδοήκοντα

140 2929 208 2971 γεγονὼς
222 2928 252 2965 ε”τη
264 2927 300 2960 κτλ.
