1932 3115
423 122 425 125 ’
453 131 498 174 ati

139 280 163 327 Si
184 287 243 329 aetas
261 274 337 329 earum
355 288 377 329 et
402 284 465 345 origo
483 285 609 346 quaeritur,
631 303 643 332 e
662 286 797 348 scriptorum
815 292 847 333 tc-

107 370 216 418 stimoniis
239 369 351 433 probabili
366 372 454 418 ratione
470 372 547 434 colligi
563 378 638 435 potest
655 390 704 431 eas,
725 390 766 436 pro
783 379 846 437 parte

106 460 198 516 saltem,
214 461 266 522 -jam
288 458 435 521 Aristophani
454 462 598 522 grammatico
622 463 748 509 innotuisse
776 468 845 525 atque

105 549 161 596 adeo
179 554 231 595 ante
247 548 347 595 medium
364 548 479 596 saeculum
495 549 534 596 ΠΙ
551 566 571 596 a.
589 550 614 597 Ο.
632 552 750 598 exstitisse.

138 638 319 699 Argumentum,
352 637 496 707 compositio,
523 638 593 684 oratio
620 639 764 700 epistolarum
790 639 846 685 eius-

106 726 168 772 modi
192 732 258 783 sunt,
285 742 343 787 quae
360 726 544 773 declamatorium
561 726 650 773 dicendi
667 743 737 789 genus
757 733 779 774 et
798 728 847 774 rhe-

105 815 198 861 toricam
229 814 362 877 palaestram
390 815 513 861 redoleant.
561 813 605 861 Res
637 831 695 876 quae
722 820 847 862 tractantur

105 902 190 949 fictioni
211 903 286 966 potius
310 920 378 965 quam
398 903 487 951 veritati
510 902 605 961 similes,
624 903 715 950 exordia
732 904 846 965 quaesita,

104 983 185 1053 longae
210 997 232 1038 et
258 991 346 1039 crebrae
373 992 525 1054 egressiones,
555 992 624 1053 panni
654 991 730 1054 inepte
761 992 846 1049 assuti,

106 1080 237 1143 compositio
258 1080 378 1126 artificiosa
394 1097 435 1127 nec
452 1080 567 1143 proposito
580 1085 631 1142 apte
643 1096 775 1142 congruens.
794 1080 848 1127 Ora·

105 1169 138 1214 tio
149 1168 178 1214 acl
189 1167 290 1215 Platonis
302 1168 429 1230 exemplum
441 1169 590 1225 conformata,
606 1167 701 1225 sedita,
715 1173 741 1214 ut
752 1167 847 1230 diligens

107 1261 218 1319 spectator
228 1256 295 1303 facile
306 1257 407 1303 fucatum
419 1257 527 1313 nitorem,
539 1272 587 1303 non
597 1257 723 1303 naturalem
735 1262 848 1318 agnoscat.

107 1345 187 1392 Ubiris
210 1345 304 1406 vestigia
327 1351 434 1407 apparent
457 1344 590 1391 imitationis
612 1344 648 1391 vel
673 1345 792 1391 verborum
814 1344 850 1391 rel

107 1432 231 1479 dictionum
249 1433 283 1479 vel
295 1434 467 1490 sententiarum,
484 1439 531 1479 tam
543 1433 632 1489 crebra,
650 1438 677 1478 ut
688 1433 791 1495 Epistola
802 1431 850 1479 VH

106 1539 182 1568 revera
199 1523 228 1568 sit
242 1517 334 1569 ¹centoni
351 1523 430 1569 similis
449 1540 460 1569 e
477 1521 579 1569 Platonis
597 1522 685 1584 scriptis
703 1522 849 1578 concinnato;

107 1608 141 1655 his
149 1609 381 1674 antemssasperguntur
389 1609 473 1672 passim
482 1609 595 1666 maculae,
605 1609 680 1655 sordes
687 1646 693 1665 ,
701 1608 850 1671 negligentiae

108 1713 121 1743 a
138 1697 233 1744 sanitate
251 1702 273 1744 et
283 1698 383 1759 puritate
394 1697 466 1743 Attici
477 1697 585 1744 sermonis
597 1713 688 1759 prorsus
698 1696 849 1743 abhorrentes

141 1785 210 1844 Quod
227 1786 255 1832 ad
271 1802 306 1832 res
324 1786 415 1842 attinet,
433 1786 527 1831 suntin
543 1785 572 1831 iis
589 1784 700 1831 nonnulla
715 1801 771 1846 quae
783 1784 851 1845 scrip-

79 1903 81 1905 ·
108 1878 179 1921 torem
203 1890 283 1936 parum
306 1874 450 1935 diligentem,
474 1874 519 1920 imo
541 1874 566 1919 in
588 1872 655 1919 rebus
678 1872 851 1919 Atheniensium

109 1979 179 2024 paene
195 1960 308 2024 hospitem
325 1968 434 2023 arguant,
453 1961 510 2024 quae
522 1966 597 2008 antem
610 1960 728 2008 Platonem
739 1965 850 2022 tangunt,

107 2066 179 2111 pauca
197 2051 313 2104 continent
326 2050 442 2113 Epistolae
460 2066 518 2111 quae
535 2066 582 2096 non
599 2049 626 2095 ab
639 2050 687 2095 aliis
700 2065 790 2110 quoqne
800 2049 851 2095 scri-

107 2139 210 2201 ptoribus
238 2139 309 2185 relata
331 2139 428 2196 luerint,
452 2154 509 2199 quae
532 2139 622 2201 propria
644 2138 739 2194 habent,
763 2139 852 2186 minuta

109 2233 161 2274 sunt
183 2232 205 2273 et
226 2227 333 2289 pleraque
356 2227 487 2277 commentis
501 2227 590 2273 similia.
613 2226 740 2288 Sapientiae
755 2225 852 2286 denique

107 2313 235 2361 Platonicae
257 2314 325 2361 talem
350 2314 484 2361 adumbrant
507 2314 614 2376 effigiem,
637 2314 662 2360 in
678 2330 723 2375 qua
739 2329 785 2360 non
805 2329 853 2374 ger-

76 2394 79 2402 ’
108 2419 174 2449 mana
190 2402 232 2449 viri
249 2401 403 2464 philosophia,
425 2402 464 2448 sed
481 2402 626 2449 simulacrum
638 2402 728 2464 potius,
740 2400 852 2463 Pythago-

108 2492 160 2537 ricis
177 2490 308 2537 commentis
325 2490 487 2546 deformatum,
506 2494 617 2552 appareat.
717 2538 719 2541 ,
813 2510 835 2530 ⁸·

141 2579 183 2625 His
200 2578 325 2626 rationibus
343 2577 448 2635 efficitur,
461 2577 580 2640 Epistulas
598 2594 654 2640 opus
673 2593 720 2623 esse
736 2574 852 2623 habendas

108 2668 175 2715 otiosi
199 2667 296 2714 hominis
322 2667 358 2713 vel
382 2666 478 2713 rhetoris
503 2665 680 2727 φιλοπλάτωνος,
707 2664 754 2710 sire
779 2663 847 2709 nnius

109 2757 155 2803 sire
172 2755 283 2818 plurium,
302 2756 342 2818 qui
357 2755 454 2802 lectione
471 2755 533 2802 illius
550 2754 651 2801 imbutus
671 2758 693 2799 et
705 2752 806 2799 oratione
818 2767 852 2797 co-

95 2844 194 2902 loratus
217 2844 318 2890 Platonis
340 2845 430 2890 nomine
453 2843 579 2905 apologiam
600 2841 696 2888 scribere
713 2840 757 2886 sibi
773 2854 853 2901 propo-

110 2931 192 2988 suerit,
219 2948 263 2993 qua
286 2931 425 2978 aemulorum
448 2935 470 2977 et
490 2930 620 2977 invidorum
642 2928 761 2975 maledicta
784 2927 804 2972 ei
820 2926 852 2971 in-

736 3014 764 3055 16
