1932 3115
436 100 499 172 dl⁴

77 253 186 311 χρώμοοτοι
203 243 264 314 ἧξεν,
279 249 312 300 οἷον
327 252 353 299 διν
366 252 492 310 θυμούμενος
507 252 591 311 οέφείη.
606 252 728 310 τροστεσὼν
737 251 822 311 δ’νιύτῷ

77 339 87 387 ὃ
105 340 220 401 Θεοδότης,
242 340 364 397 λοιβθμενος
385 346 423 394 τῆς
439 341 510 400 χειρὸς
527 340 629 399 ἐδάκρυσέ
645 358 669 386 τε
687 340 723 386 aa}
740 339 821 387 ἱκέτευε

77 427 141 482 μηδὲν
163 431 253 475 τοιοῦτον
275 433 347 476 ποιεῖν.
381 429 510 485 Ὑτολοιβιδν
532 428 549 474 δ’
561 428 604 485 ἐγὼ
621 427 821 485 τονροομνθούμενος,

78 513 167 573 Θοθρρει,
181 514 298 575 'deeidam
322 514 388 575 ἔφην,
412 517 435 562 οὐ
458 516 501 574 peip
518 515 621 573 τολμήσει
639 516 745 566 Διονύσιος
762 515 823 573 τυροὶ

77 602 107 648 τοι
123 603 175 660 χθὲς
192 603 349 660 ὡμολογημένα
366 601 428 650 ἄλλον
444 604 497 650 τοτὲ
514 603 570 661 δροῖν.
605 602 647 650 Kal
665 600 686 654 ὃς
704 601 823 660 ἐμβλέψας

29 735 31 737 ,
77 707 112 745 μοι
135 689 171 736 aa>
194 689 260 747 μοὶλοο
276 694 414 749 τυροοννικῶς,
431 691 481 751 Σοὶ,
500 691 554 751 ἔφη,
573 691 615 746 ἐγὼ
633 689 682 736 οὔτε
698 707 720 736 τι
737 688 824 746 σμικρὸν

75 775 124 822 οὕτε
146 776 207 832 μένοι
229 777 366 833 ὡμολόγητο.
399 779 434 831 Νη
457 778 506 828 τοὺς
523 777 590 832 θεούς,
608 773 632 830 ἦν
649 776 778 838 δ’ἕριὼρσύ
795 794 825 831 γε

76 867 162 923 τοῦτον,
180 861 196 910 d
213 868 249 910 σοῦ
267 868 302 911 νῦν
319 862 378 917 οὗτος
395 865 462 911 δεῖτονι
479 866 509 920 μη
522 869 594 911 ποιεῖν.
621 863 662 910 Kal
675 864 737 910 εἶτὼν
749 867 825 910 τοῦτο

78 950 264 1010 ἀποστρεφόμενος
282 950 370 1011 ᾠχόμην
387 951 434 1007 ἔξω,
461 953 507 998 ¹An
525 967 627 1012 unquam
644 950 733 1007 rhetor,
751 950 826 996 Plato·

77 1039 141 1085 nicac
158 1040 261 1094 ἡθοτοιίιις
279 1040 409 1096 aemulator,
428 1039 569 1102 splendidius
587 1056 653 1101 opere
670 1040 763 1085 iunctus
775 1037 823 1084 cst?

79 1127 137 1173 Vide
154 1133 230 1174 autem
247 1144 314 1188 quam
331 1128 388 1174 bene
402 1128 458 1173 haec
470 1144 523 1174 cum
533 1127 669 1190 praegressis
681 1126 821 1173 cohaereant.

111 1214 223 1261 Postridie
240 1215 320 1277 prioris
339 1216 446 1262 sermonis
463 1232 555 1277 vespere
571 1214 698 1261 Theodotes
708 1213 824 1260 audiverat

78 1302 213 1363 Dionysium
229 1320 269 1365 per
285 1304 433 1350 mercenarios
448 1304 582 1365 investigare
594 1302 753 1349 Heraclidem:
770 1301 823 1347 iride

39 1455 41 1458 Ι
79 1397 153 1437 metus
179 1397 201 1437 et
217 1392 352 1453 indignatio.
386 1393 444 1439 Tum
462 1392 589 1439 Theodotes
605 1392 629 1438 in
644 1391 757 1453 colloquio
774 1408 824 1453 pro-

79 1479 169 1524 miserat
185 1478 293 1540 Dionysio
311 1496 334 1525 se
350 1479 417 1526 illum
428 1480 599 1536 arcessituram,
612 1480 631 1525 si
642 1484 752 1541 tyrannus
765 1478 823 1524 salu-

78 1572 123 1613 tem
139 1567 159 1613 ei
173 1567 318 1629 polliceretur
322 1587 329 1625 3
346 1568 408 1630 quod
418 1568 456 1615 bic
467 1574 584 1615 annuerat.
608 1568 639 1614 At
650 1566 782 1614 Heraclides
795 1566 822 1613 ab

80 1655 151 1701 amico
169 1660 273 1702 evocatus
285 1672 330 1702 non
339 1656 430 1718 prodiit.
453 1656 514 1718 Ergo
523 1656 657 1718 Dionysius,
668 1672 739 1717 quum
748 1655 823 1701 denuo

81 1743 168 1804 exquiri
175 1743 242 1790 illum
249 1743 351 1806 juberet,
361 1744 420 1791 nihil
425 1745 479 1791 lecit
484 1745 599 1807 promissis
609 1744 756 1800 contrarium,
762 1743 824 1805 quod

80 1837 155 1878 tamen
166 1833 191 1879 in
202 1832 288 1879 ultimis
298 1832 359 1879 hisce
370 1834 390 1880 ei
399 1833 510 1895 objicitur.
528 1833 655 1880 Theodotes
664 1837 740 1879 autem
751 1832 823 1879 immi-

80 1935 136 1965 nens
148 1920 219 1965 amico
231 1920 358 1982 periculum
368 1938 461 1967 narrans
473 1920 546 1966 addit:
556 1921 565 1967 ὁ
574 1917 649 1967 δἐἷνοιῖ
657 1938 687 1980 τη
696 1920 765 1977 τνύτη
774 1920 822 1981 (pro

79 2006 171 2054 ἐντοιῦθοὶ
188 2009 237 2069 του)
252 2008 372 2068 κινδυνεύει,
391 2008 498 2055 uidetur·
513 2008 548 2055 Ινθο
562 2009 642 2055 atinati
653 2024 706 2054 aare:
718 2024 769 2069 ergo
782 2007 822 2053 ubi

79 2099 137 2141 esset
150 2111 197 2141 non
210 2095 306 2153 sciebat,
320 2095 359 2142 sed
371 2096 504 2158 conjiciebat
514 2101 617 2153 tantum3
629 2095 742 2157 quomodo
753 2095 824 2156 igitur

78 2183 103 2228 in
125 2182 309 2245 praecedentibus
329 2183 431 2246 polliceri
452 2184 529 2246 potuit
551 2200 574 2229 se
592 2183 751 2230 arcessituram
769 2182 822 2229 ami-

79 2286 143 2327 cum,
162 2271 202 2332 qui
217 2271 258 2318 ubi
275 2277 333 2317 esset
348 2272 478 2319 nesciebat?
511 2270 594 2318 Nonne
611 2270 823 2334 inprobaturum

78 2356 155 2403 locum
177 2374 224 2403 esse
241 2364 392 2415 commentum
409 2359 560 2416 rhetoricum,
579 2375 624 2421 quo
641 2359 736 2420 scriptor
753 2363 823 2404 artem

79 2462 143 2491 suam
161 2445 277 2492 ostendere
295 2445 400 2492 studuit?
417 2446 469 2492 dam
486 2447 589 2508 sequitur
605 2447 683 2509 pulcra
699 2445 822 2507 tragoedia.

78 2532 137 2579 Vide
160 2549 228 2595 quarn
251 2539 383 2595 exaggerata
405 2534 451 2581 sint
474 2535 559 2581 omnia:
584 2533 725 2593 προσηλθέτην
742 2534 823 2594 στουδῑῖρ

78 2622 234 2681 τεθορυβημένω
257 2624 400 2680 θνυμοιστῶςς
424 2628 447 2669 et
468 2623 537 2685 paulo
560 2631 623 2685 post:
647 2622 822 2678 ξυνοικολούθησον

68 2708 165 2775 Δοἱτνῖση·
177 2717 280 2770 μηχοονη,
302 2710 325 2758 h.
344 2728 362 2758 e.
380 2710 484 2758 manibus
502 2711 611 2774 pedibuS‚
629 2711 697 2757 remis
715 2716 737 2757 et
753 2709 821 2756 nelis!

79 2795 138 2843 Tum
148 2801 193 2842 tres
206 2798 271 2844 amici
280 2815 328 2865 una
339 2799 425 2844 intrant
436 2798 465 2844 ad
476 2798 618 2860 Dionysium.
636 2797 676 2845 llli
687 2798 753 2844 ambo
763 2802 823 2843 stant

80 2885 148 2941 muti,
163 2884 321 2948 lacrymantes,
333 2886 399 2934 Plato
410 2887 480 2933 libere
492 2892 613 2948 tJuaunum
625 2870 756 2947 allnduitur.
780 2884 823 2930 Res

722 2976 736 3016 6
