1932 3115
495 148 542 192 228
575 190 577 196 a

149 302 231 367 reperit
246 304 293 367 jam
310 307 462 351 senescentem
479 307 502 348 et
519 317 532 347 a
548 300 660 363 prioribus
687 298 783 346 ducibus
803 314 892 360 corrup·

149 398 211 451 tum,
230 398 257 438 ut
268 393 338 455 ipsius
356 390 454 457 consiliis
473 406 548 436 aurern
565 389 671 451 praebere
687 387 781 434 nollet.'’
806 385 892 433 Eodem

151 486 254 543 spectant
268 497 325 542 quae
342 481 366 526 in
383 479 425 526 hac
441 479 491 540 ipsa
508 478 610 540 Epistola
626 478 745 538 leguntur,
764 493 785 538 p.
798 478 844 522 330
858 475 891 529 D,

150 570 244 615 consilia
265 586 311 615 non
333 566 407 614 danda
425 583 471 613 esse
488 582 529 612 nec
547 566 639 628 privatis
660 563 788 611 hominibus
806 580 847 610 neo
865 564 893 609 ci-

151 658 272 715 vitatibus,
290 657 334 704 nisi
354 656 434 717 dignos
450 655 478 701 iis
496 671 519 701 se
537 654 658 717 praebeant
674 654 746 715 iisque
762 654 844 700 morem
858 669 894 713 ge·

150 762 198 792 rere
216 763 239 791 se
255 745 311 792 velle
329 744 455 791 ostendant.
478 743 590 790 Necnon
607 760 633 789 ea
650 759 707 804 quae
718 743 742 788 in
750 740 893 804 EpistolalX

150 833 216 880 Plato
234 833 262 879 ad
279 832 402 895 Archytam
420 831 518 879 scribens
536 831 664 888 inducitur,
682 848 705 894 p.
718 831 810 886 35811,
824 846 894 891 quum

152 937 203 968 eum
225 921 329 967 bortatur
349 937 378 966 ne
400 920 425 966 in
445 919 580 982 capessenda
601 918 717 981 republica
738 919 838 965 animum
858 917 894 963 de-

151 1009 272 1072 spondeat,
300 1009 405 1070 qnoniam
430 1024 477 1054 non
499 1007 564 1054 nobis
584 1008 658 1055 solum
677 1007 726 1054 nati
745 1007 827 1065 simus,
855 1006 893 1053 sed

152 1103 237 1160 partem
260 1096 332 1143 nostri
350 1097 428 1153 amici,
445 1102 531 1157 partem
553 1101 672 1164 parentes,
698 1100 784 1158 partem
805 1078 899 1156 quoque

152 1186 224 1248 patria
250 1185 293 1232 sibi
320 1184 431 1242 vindicet3
455 1184 530 1241 addit,
559 1183 632 1230 multa
658 1189 734 1231 tamen
762 1183 858 1247 pendere
882 1201 895 1230 a

153 1275 263 1336 cuiusque
287 1274 347 1321 ritae
370 1273 522 1336 temporibus:
548 1274 621 1321 achad
644 1273 665 1319 a
687 1274 723 1320 aa)
749 1280 792 1326 τοῖς
817 1278 894 1333 καιροῖς

153 1363 231 1410 δίδοται
254 1367 297 1415 τοῖς
320 1363 355 1409 τὸν
377 1362 423 1418 βίον
444 1364 502 1418 ἡμῶν
518 1361 740 1420 caratayaddrooro:
759 1378 816 1423 quae
834 1361 895 1407 haud

154 1451 247 1497 obscure
271 1454 373 1513 spectant
396 1450 425 1503 ad
447 1449 548 1512 tempora
566 1466 622 1511 quae
640 1449 684 1496 sibi
700 1449 807 1511 obtigisse
824 1450 896 1512 philo-

156 1539 241 1601 sophus
258 1539 323 1585 initio
341 1538 456 1600 Epistolae
473 1537 522 1584 VH
538 1537 623 1585 scribit.

187 1715 265 1777 Longe
282 1731 334 1761 vero
351 1715 448 1762 maxima
466 1715 572 1778 epistolae
589 1732 641 1777 pars
655 1716 751 1762 refertur
768 1715 796 1761 ad
807 1716 895 1763 itinera.

156 1803 262 1852 Ostendit
284 1820 307 1850 se
329 1804 428 1866 primum
450 1804 475 1850 111
496 1803 587 1850 Italiam
609 1803 734 1867 profectum
758 1821 805 1850 esse
822 1803 896 1851 taedio
950 1859 952 1862 Α

155 1894 231 1955 legum
249 1898 271 1939 et
287 1908 376 1940 morum
393 1892 502 1950 civitatis;
519 1893 584 1950 inde,
602 1909 648 1939 non
665 1893 767 1950 consilio,
786 1892 825 1939 sed
839 1893 897 1939 forte

155 1983 180 2029 in
202 1981 307 2043 Dionysii
329 1981 403 2027 aulam
421 1980 522 2027 delatum
538 1982 563 2028 in
581 1982 684 2028 notitiam
701 1982 787 2028 venisse
803 1981 897 2037 Dionis;

155 2070 238 2117 iterum
253 2068 321 2115 huius
333 2069 426 2116 hortatu
438 2086 460 2115 se
471 2069 526 2115 illuc
538 2069 664 2132 profectum
673 2086 720 2117 esse
729 2070 839 2116 invitante
848 2070 898 2132 ipso

159 2157 281 2219 Dionysio,
296 2161 324 2203 ut
341 2158 361 2203 ei
377 2157 478 2219 injiceret
496 2157 607 2214 ἐπιθυμίαν
621 2161 658 2205 τοῦ
672 2157 789 2205 aaaaloroo
804 2159 840 2205 aa)
855 2158 899 2215 dyt-

160 2264 210 2294 στου
232 2244 280 2302 βίου
308 2250 331 2291 61
350 2245 383 2291 ita
399 2244 515 2307 Syracusis
533 2262 558 2292 ao
575 2246 619 2292 toti
636 2245 725 2292 Siciliae
742 2246 811 2293 saluti
828 2250 898 2303 esset;

160 2332 227 2379 tertio
245 2331 353 2393 denique,
371 2336 398 2378 ut
408 2331 506 2379 Dionem
524 2333 662 2380 exsulantem
680 2339 775 2396 tyranno
786 2333 901 2380 reconcili-

161 2426 208 2468 aret
225 2426 259 2478 et,
278 2420 339 2483 quod
356 2425 422 2467 antea
437 2421 521 2468 frustra
534 2427 656 2480 tentasset,
675 2439 726 2469 eum
744 2421 901 2485 philosophiae
918 2398 925 2412 i

161 2509 226 2555 cultu
242 2508 354 2555 formaret.
373 2508 416 2555 His
431 2509 567 2571 exponendis
579 2511 675 2572 scriptor
686 2510 785 2556 ostendit
798 2514 819 2555 et
828 2510 901 2571 justas

162 2596 204 2645 sibi
221 2613 247 2643 ac
263 2614 340 2659 graves
357 2597 426 2643 fuisse
446 2614 523 2643 causas
541 2597 660 2660 Syracusas
677 2596 833 2661 proficiscendi
845 2602 867 2643 et
878 2597 903 2644 in

162 2684 294 2731 commercio
317 2701 367 2732 curn
389 2684 499 2747 Dionysio
522 2691 544 2732 et
567 2686 640 2733 Dione
662 2686 721 2732 nihil
746 2703 769 2732 se
792 2690 903 2746 spectasse

162 2773 205 2820 nisi
218 2772 278 2834 quod
296 2777 318 2819 et
341 2773 451 2820 amicitiae
474 2774 570 2821 officinm
594 2780 616 2820 et
632 2773 788 2836 philosophiae
805 2773 903 2836 dignitas

162 2860 310 2925 postularent.
331 2860 382 2907 Hoc
399 2861 492 2909 oonsilio
509 2862 659 2909 narrationem
675 2862 738 2908 illam
755 2862 903 2924 conscriptam

163 2967 210 2998 esse
226 2949 276 3011 ipsa
291 2947 407 3010 Epistulae
424 2950 490 2997 verba
506 2950 587 3011 passim
606 2949 666 2996 haud
685 2950 778 2996 obscure
794 2950 902 2996 indicant.
