1932 3115
432 139 478 183 225

53 358 55 360 Ι
84 294 133 347 tos,
157 289 239 351 quibus
257 290 425 337 continerentur
441 289 530 337 decreta
547 298 569 338 et
586 292 726 339 definitiones
744 311 755 340 e
775 292 826 340 Pla-

84 377 144 424 tonis
161 379 207 425 sive
224 377 306 424 scholis
324 378 369 424 sive
387 377 481 439 dialogis
504 379 621 441 depromta
626 399 633 437 ;
651 380 732 427 horum
751 388 825 429 autem

85 466 296 513 commentariorum
318 466 390 512 simile
412 466 484 513 fatum
503 468 572 514 fuisse
596 485 621 515 ac
638 472 679 516 τῶν
695 469 824 529 marmorea,

85 569 154 614 quae,
180 560 206 600 ut
229 553 295 600 modo
313 554 423 612 vidimus,
441 555 486 601 cito
504 561 642 602 evanuerunt
658 557 727 618 inque
745 574 822 604 eorum

84 640 159 687 locum
182 640 262 688 deinde
280 642 356 704 spuria
368 642 493 704 ‚supposita
510 649 576 699 sunt,
595 659 652 704 quae
669 644 761 690 taudem
777 644 826 706 ipsa

51 791 53 794 Α
85 745 175 791 quoque
191 729 215 775 in
233 729 367 777 oblivionem
383 736 500 777 venerunt.

118 816 223 863 Ceterum
244 816 398 879 Epistolarum
421 818 465 863 loci
487 818 511 864 in
534 818 569 864 his
593 818 704 879 capitibus
727 836 740 863 a
762 819 828 865 nobis

84 905 186 961 tractati,
213 905 241 951 de
266 906 371 963 scientia,
398 905 426 952 de
451 905 627 968 philosophandi
651 906 773 963 methodo,
800 907 827 953 de

85 992 207 1055 sapientiae
225 994 324 1050 arcaniS,
349 993 466 1039 manifeste
491 999 589 1054 arguunt
607 994 737 1055 scriptorem
754 994 828 1040 Plato-

85 1081 137 1127 nica
154 1080 244 1142 quidem
260 1081 356 1128 lectione
373 1081 471 1127 tinctum
488 1087 510 1126 et
527 1080 663 1138 coloratum,
691 1082 730 1127 sed
746 1083 827 1128 mentis

87 1169 134 1215 eins
152 1174 174 1215 et
191 1168 305 1215 doctrinae
322 1174 446 1231 expertem,
465 1168 589 1215 disserendi
605 1169 698 1226 rudem,
716 1170 828 1231 specimen

87 1256 183 1318 deniqne
199 1256 308 1314 hominis,
327 1257 416 1318 qualem
432 1257 480 1318 ipse
495 1256 601 1303 describit
612 1256 662 1318 (Ep.
675 1256 734 1313 VH,
746 1274 769 1319 p.
780 1259 826 1303 343

87 1344 126 1406 E),
144 1346 183 1406 qui
200 1345 303 1392 videatur
314 1345 378 1402 μηδὲν
389 1345 515 1401 γιγνώσκειν
527 1342 552 1391 ὧν
564 1344 590 1391 ἂν
602 1346 699 1403 ἐπιχειρῇ
711 1346 804 1402 ardena
816 1346 827 1400 ἢ

86 1432 165 1488 λέγειν.
200 1432 262 1479 Haec
279 1433 333 1479 satis
350 1432 423 1479 valere
441 1433 520 1494 opinor
535 1432 563 1478 ad
577 1432 740 1494 reprobandam
752 1449 829 1479 eorum

77 1512 225 1582 opinionem,
244 1521 284 1582 qui
297 1521 423 1583 Epistulam
435 1519 483 1566 VH
495 1520 563 1567 alicui
575 1520 675 1566 Platonis
686 1520 831 1567 familiarium

86 1608 122 1654 vel
139 1608 315 1670 discipulorum,
333 1608 474 1670 Speusipp0‚
489 1607 624 1664 Xenocrati,
637 1608 705 1658 ,aliive
717 1609 764 1654 cius
774 1615 832 1653 aeta-

85 1696 115 1742 tis
133 1696 305 1758 adjudicandam
323 1712 371 1742 esse
388 1696 475 1758 opinati
493 1700 553 1741 sunt.
