1932 3115
549 148 562 190 6

218 301 299 347 Paucis
325 317 376 348 vero
403 288 478 347 annis*
491 305 543 361 post-
563 298 646 360 prodiit
662 299 719 346 liber
736 298 808 356 Astii,
826 297 926 344 Platon's

185 389 262 436 Leben
279 389 327 435 und
344 388 456 435 Schriften
472 382 566 448 (icit),
584 387 608 432 in
626 403 671 448 quo
688 387 774 433 sincera
789 392 812 433 ct
823 402 928 447 germana

186 477 288 524 Platonis
311 478 394 539 scripta
416 493 429 522 a
451 474 611 522 commenticiis
635 478 658 520 et
679 474 741 520 falsis
763 490 876 520 secernere
896 473 928 519 in-

187 566 269 613 stituit.
303 565 348 612 Hic
365 563 478 627 Epistolas
495 579 571 609 omnes
589 563 677 625 spurias
692 563 814 625 judicarit3
837 567 928 609 tantum

187 653 264 700 abesse
287 653 365 699 docuit
386 657 413 698 ut
434 652 470 697 vei
491 650 733 713 Platonisvingcnium
754 659 777 698 et
794 651 927 698 sententiam

187 743 284 789 referant
300 741 335 786 vei
352 757 428 786 verum
445 756 520 786 rerum
538 745 652 787 auctorem
670 745 692 787 et
703 744 784 787 testem
796 740 926 796 ostendant,

188 835 214 876 ut
236 830 310 891 potius
328 829 356 875 ab
373 829 421 890 ejus
437 832 525 884 mente,
544 828 667 885 sententia,
686 827 786 874 dictione
802 827 927 890 plurimum

188 919 284 974 distent,
308 922 357 963 tum
378 916 456 963 multis
479 916 581 978 partibus
598 916 729 963 contineant
745 916 810 973 ficta,
828 915 927 973 insulsa,

186 1008 275 1068 inepta:
297 1021 355 1066 quae
377 1005 458 1066 passim
482 1004 589 1066 exemplis
613 1008 635 1050 et
658 1004 795 1065 argumentis
817 1003 928 1050 declarare

187 1094 293 1141 instituit.
327 1092 402 1154 Hujus
420 1092 477 1139 iiber
493 1097 583 1139 tantum
594 1092 675 1139 habuit
687 1092 807 1148 momenti,
820 1097 847 1138 ut
862 1092 890 1138 ab
902 1108 928 1138 eo

187 1183 240 1229 inde
256 1189 355 1244 tempore
372 1197 453 1242 magna
469 1182 528 1228 facta
546 1182 575 1227 sit
592 1181 725 1243 opinionum
738 1180 842 1227 mutatio.
860 1179 929 1226 Pleri-

136 1318 138 1321 ,
189 1287 232 1331 que
253 1269 343 1315 Platoni
365 1268 478 1330 Epistolas
500 1268 628 1330 abjudicare
641 1272 778 1336 coeperunt,
795 1284 837 1314 ncc
853 1271 928 1314 tamen

189 1374 276 1403 omnem
300 1357 328 1402 iis
352 1361 464 1418 negarunt
488 1356 568 1413 fidem,
592 1356 631 1401 sed
647 1359 734 1417 partem
752 1372 828 1401 earum
846 1354 866 1400 si
882 1372 928 1401 non

189 1445 215 1491 ab
237 1445 286 1506 ipso
308 1444 415 1500 Platone,
439 1448 499 1490 ccrte
521 1443 549 1490 ab
567 1443 642 1504 aliquo
660 1442 707 1506 ejus
724 1442 883 1500 famiiiarium,
901 1450 928 1490 ut

118 1546 120 1549 ’
188 1533 325 1595 Speusippo,
343 1532 493 1595 conscriptam
509 1536 626 1594 putarunt.
652 1530 681 1577 111
698 1530 741 1577 hac
758 1531 870 1577 sententia
884 1532 929 1578 fuit

189 1620 310 1677 Socherus,
333 1619 408 1689 Ueber
424 1618 518 1665 Platoris
535 1618 647 1665 Schriften
664 1619 754 1681 (1820),
772 1637 794 1681 p.
817 1620 864 1667 376
880 1636 928 1681 sqq.

189 1709 229 1770 qui
250 1708 362 1770 Epistolas
384 1708 412 1762 ad
428 1691 576 1770 Dionysium,
600 1707 629 1754 ad
649 1707 747 1767 Dionem
765 1712 787 1754 ct
804 1708 832 1754 ad
848 1708 929 1756 Dionis

123 1826 127 1832 ι
159 1860 161 1863 y
188 1797 320 1853 famssiares,
337 1797 361 1842 h.
379 1814 398 1843 e.
416 1795 504 1853 I-W,
522 1795 582 1853 VH,
600 1795 673 1853 VIII,
686 1795 761 1854 XHI,
773 1796 876 1849 Platonis,
887 1798 930 1844 dis-

189 1884 315 1946 cipulorum
332 1885 399 1931 alicui
415 1884 509 1941 tribuit,
527 1890 611 1930 ceteras
628 1885 721 1931 seriores
739 1884 808 1931 ducit.
834 1884 863 1931 In
880 1902 930 1932 ean·
954 1883 955 1886 ¹

188 1973 239 2019 dem
255 1973 387 2019 sententiam
405 1972 461 2019 abiit
482 1971 600 2029 Saiomon,
618 1972 653 2018 De
675 1972 764 2019 Platon.
783 1989 840 2034 quae
859 1973 928 2036 vulgo

188 2061 291 2106 feruntur
301 2059 360 2122 Epp.
372 2060 396 2106 in
410 2059 548 2122 Programm.
564 2059 645 2122 Gymn.
658 2059 732 2106 Berol.
746 2061 816 2106 1835.
829 2078 850 2123 p.
862 2062 900 2107 16.
911 2062 930 2123 Ι)

221 2147 272 2194 Jam
300 2165 325 2194 eo
351 2153 444 2195 ventum
473 2152 521 2194 crat
549 2152 576 2194 ut
601 2147 709 2211 epistolae
734 2148 786 2194 iHae
812 2148 929 2195 subtiliore

145 2230 146 2233 ¹
189 2235 275 2281 trutina
296 2236 434 2282 examinatae
456 2236 581 2283 inclasses
604 2236 713 2297 quasdam
738 2236 928 2294 distribuerentur

189 2324 337 2385 praestantiae
359 2322 431 2384 gradu
455 2328 478 2369 et
499 2327 612 2370 vetustate
634 2323 741 2385 dispares.
776 2322 845 2381 Quod
868 2340 930 2386 prae-

189 2415 256 2457 eunte
279 2409 374 2457 Sochero
397 2411 469 2458 facere
491 2411 641 2458 instituerunt
663 2411 770 2481 Salomon
788 2411 813 2457 in
830 2410 930 2474 disputa-

188 2499 250 2545 tione
271 2499 338 2544 modo
354 2499 447 2564 laudata
467 2504 489 2546 et
505 2499 648 2546 Hermannus
665 2500 785 2561 inopere:
804 2498 885 2546 Gesch.
903 2516 926 2546 u.

124 2616 127 2621 .
189 2585 248 2647 Syst.
277 2585 316 2632 der
342 2586 431 2634 Platon.
454 2587 511 2649 phfl.
528 2604 551 2648 p.
570 2589 617 2632 423
635 2603 668 2647 sq.
687 2587 712 2647 2).
740 2586 823 2632 Cuncti
840 2586 865 2633 in
888 2587 931 2634 hoc

214 2732 231 2771 1)
245 2731 358 2767 0111111111
374 2732 426 2779 hujus
443 2707 603 2769 dissertationisin
616 2731 663 2767 Berl.
675 2730 737 2767 Jahrb.
752 2731 809 2775 1835,
823 2732 847 2768 Π.
861 2745 878 2779 p.
891 2734 928 2769 152

188 2813 214 2847 sq.
233 2813 286 2847 quam
304 2802 374 2849 scripsit
390 2803 493 2846 Bouianum
510 2804 560 2838 etin
573 2803 649 2838 Zeitsch.
662 2803 674 2837 f.
686 2802 828 2838 alterinwiss.
842 2803 898 2847 1837,
912 2817 930 2852 p.

188 2870 235 2914 274,
248 2873 319 2906 auctore
331 2872 438 2909 Hermanno

212 2943 230 2987 2)
243 2942 290 2978 Ante
302 2943 334 2979 hos
350 2944 421 2981 candem
434 2944 552 2993 quaest-ionem
566 2944 650 2981 tractavit
662 2943 756 2992 Wiegand‚
768 2944 813 2991 Epp.
825 2956 868 2991 quac
881 2944 928 2984 Plat.
