1932 3115
429 135 474 179 rat

79 287 181 334 Platonis
199 288 393 333 commorationem
412 288 435 333 in
453 288 521 333 huius
545 287 597 334 aula
613 292 722 349 tanquam
741 306 821 351 parum

79 375 225 420 honorificam
242 374 331 420 silentio
346 375 483 436 praeteriret.
510 373 561 420 Nisi
579 375 715 421 eontrarium
732 375 774 422 hac
792 376 820 422 ‹le

78 479 103 508 re
119 466 216 508 exstaret
232 462 386 508 testiinonium
406 461 475 522 (Plut.
493 462 561 507 Dion.
582 463 624 522 5.),
637 462 737 508 crederes
748 468 823 524 tyran-

21 539 26 555 ⁴
78 566 134 595 1111
150 549 241 595 Platoni
257 566 286 595 ne
302 549 326 594 in
344 554 487 611 conspectum
508 549 599 609 quidem
615 549 709 596 venisse.
745 550 822 597 Unum

79 641 238 683 commemorat
255 636 362 692 Dionem,
381 636 446 682 euius
462 637 579 697 ingenium
597 636 680 693 docile,
699 638 767 683 animi
784 639 823 684 ho-

78 730 198 781 nestatem,
216 724 363 786 fragilitatem
381 729 403 771 et
420 707 581 771 continentiam
596 724 775 781 61111161011161,
794 726 822 772 ob

79 828 134 873 quas
159 812 265 868 virtutes,
289 812 332 867 ait,
356 811 513 869 ἐπκχθέστερσν
534 816 578 864 ταῖς
597 812 644 869 περὶ
663 812 694 859 ecl
710 813 823 870 repararet

79 899 160 957 1161111
182 899 242 958 ζῶσιν
265 899 317 955 ἐβίω
340 898 405 957 μέχρι
427 903 466 945 τοῦ
486 898 577 946 lavasco
598 904 635 946 τοῦ
653 899 823 964 περὶλΔιονύσιον

79 987 190 1044 γενομένου
214 988 243 1047 (p.
268 987 314 1033 327
338 986 373 1048 Β).
408 985 471 1032 Haec
493 986 570 1047 legens
593 988 644 1047 quis
667 1003 713 1033 non
729 994 821 1048 putaret

80 1075 175 1121 Dionem
200 1073 228 1120 ob
248 1090 336 1119 morum
361 1073 501 1119 severitatem
517 1079 612 1134 tyranno
630 1078 652 1120 et
670 1074 749 1120 aulicis
766 1075 822 1120 invi-

79 1178 128 1208 suru
151 1163 175 1207 in
197 1162 257 1222 regia
280 1159 440 1221 delituissell)
477 1162 509 1206 nt
532 1161 573 1206 hae
596 1176 687 1221 quoque
709 1161 733 1206 in
759 1167 823 1223 parte

79 1250 174 1310 scriptor
197 1249 272 1294 studio
296 1248 378 1295 eluctus
401 1265 414 1294 a
435 1265 487 1294 1610
505 1241 602 1294 deflexit.
630 1248 745 1295 Diseiinus
763 1249 823 1295 eninr

79 1353 91 1382 e
112 1335 235 1382 Plutarcho
258 1336 282 1381 11.
307 1340 329 1381 61
352 1352 363 1381 6
386 1334 475 1396 Nepote
492 1334 568 1396 (Dion.
586 1352 604 1381 e.
625 1337 661 1396 1),
679 1335 775 1382 Dionem
794 1336 822 1382 ob

80 1425 165 1486 ingenii
186 1429 208 1470 et
225 1440 313 1470 morum
330 1423 490 1485 praestantiam
507 1423 569 1484 apud
584 1422 720 1485 Dionysium
737 1440 824 1485 semper

79 1512 103 1558 in
120 1512 204 1558 honore
221 1512 303 1557 hiisse:
325 1511 402 1557 aderat
419 1511 438 1556 ei
455 1511 542 1572 magnis
559 1511 585 1556 11
600 1510 681 1567 1611165
698 1510 822 1573 legationes

79 1615 155 1646 omnes
169 1599 303 1645 illustriores
318 1597 455 1660 suscipiebat
461 1618 468 1654 3
479 1604 501 1644 et
513 1614 584 1658 quum
595 1598 633 1644 alii
646 1604 711 1644 caute
723 1603 745 1645 et
757 1600 822 1645 anxie

78 1687 102 1733 111
123 1686 213 1746 tyranni
229 1684 353 1747 praeseutia
371 1685 505 1731 sententiani
522 1701 587 1731 suain
603 1686 739 1747 proferrent,
762 1702 822 1732 unus

80 1775 116 1820 'lle
138 1775 231 1835 impune
253 1790 340 1820 sumnia
362 1773 469 1820 utebatur
491 1772 580 1819 1116611111
601 1772 712 1820 libertate.
747 1774 823 1834 Atque

78 1863 133 1909 haec
156 1878 212 1923 quae
236 1879 248 1907 a
268 1860 391 1907 Plutarcho
409 1865 431 1907 et
447 1859 676 1923 Nepotetrarlnntnr
684 1861 701 1922 ⁰)
719 1877 771 1907 cum
791 1878 824 1907 re-

78 1951 141 2011 liqua
157 1950 238 1996 Dionis
256 1950 302 1995 vita
319 1953 341 1995 et
353 1950 414 1995 victu
425 1949 457 1995 ita
469 1950 620 2005 consentiunt,
633 1954 660 1995 ut
672 1949 699 1995 de
711 1948 823 1994 (lictorum

78 2038 122 2084 title
140 2037 240 2084 dubitari
256 2041 361 2097 nequeat.

111 2210 187 2256 Prima
207 2211 338 2256 excursione
354 2210 378 2256 in
396 2210 474 2256 urbem
494 2210 655 2271 Syracusarum
675 2210 769 2272 carptim
780 2227 824 2256 me-

80 2303 175 2355 morata,
194 2297 222 2343 ad
240 2297 333 2344 alteram
345 2297 436 2344 festinat
447 2297 549 2360 scriptor,
567 2297 649 2359 uiginti
660 2298 748 2344 circiter
760 2299 823 2343 annis

38 2384 46 2387 ⁸
80 2391 131 2449 post
148 2385 241 2440 tactam,
257 2401 296 2447 per
308 2385 369 2446 quod
380 2385 487 2447 temporis
498 2369 641 2432 intervallum
653 2385 718 2431 Plato
728 2384 824 2431 Athenis

62 2463 64 2466 ⁵
81 2473 180 2521 scholam
198 2473 286 2534 aperuit
303 2479 325 2519 et
341 2472 373 2519 ihi
389 2477 464 2519 totum
482 2490 505 2519 se
523 2472 679 2536 philosophiae
696 2473 766 2519 dedit.

106 2644 124 2687 l)
137 2643 166 2678 Ita
179 2645 231 2690 putet
244 2643 308 2684 Grote,
321 2642 361 2677 Vol.
373 2642 409 2684 XI,
422 2653 440 2688 p.
453 2642 482 2677 to.

105 2713 123 2757 2)
139 2713 198 2760 Nepos
211 2713 253 2748 haec
266 2716 326 2748 narrat
338 2712 387 2758 qnasi
400 2712 445 2748 faeta
458 2715 499 2748 ante
511 2712 590 2747 Platonis
603 2712 707 2754 adventum
721 2723 824 2758 quumvero

82 2787 121 2819 tuni
139 2784 203 2830 viginti
220 2787 290 2819 tautum
302 2796 357 2819 annos
369 2787 421 2819 notus
433 2787 488 2826 esset,
500 2784 560 2831 potins
573 2784 678 2819 sumendum
691 2787 718 2819 est
731 2795 770 2819 cum
784 2783 825 2817 Plu·

81 2853 151 2896 turolte,
163 2852 203 2889 enin
216 2856 256 2900 post
268 2853 349 2889 Platonis
361 2854 488 2900 profectionem
500 2853 531 2889 illa
544 2854 602 2889 officia
614 2858 689 2900 tyranno
704 2853 811 2901 praestitisse

81 2925 102 2962 ut
114 2926 162 2959 reete
175 2924 298 2961 animadvertit
311 2924 412 2972 Nipperdey
425 2924 446 2960 ad
458 2924 524 2972 Nepet.
536 2924 589 2960 Dion.
602 2937 619 2972 p.
632 2923 662 2961 72.
