1932 3115
383 153 438 198 ,37

6 308 8 311 ’
29 298 31 301 ’
51 309 114 352 tante
131 311 154 352 et
170 306 268 353 instante
280 306 329 368 ipso
341 306 458 368 Dionysio,
472 307 538 354 cuius
550 307 628 353 literae
640 307 669 354 ad
679 307 798 354 Platonem

53 399 267 453 commemorantur,
279 395 346 442 Plato
358 413 429 457 quum
444 397 484 444 diu
494 390 619 444 reluctatus
632 401 697 453 esset,
709 401 756 443 tam
769 396 797 443 ob

53 484 194 546 superiorum
210 485 317 531 itinerum
333 485 466 532 frustratum
478 489 584 533 eventum
596 502 663 547 quam
675 485 797 532 senectutis

3 608 8 611 -
53 573 131 634 gratia
142 590 166 619 ee
176 589 304 639 kcreusam,
322 572 413 620 tandem
429 575 551 636 profiscisci
566 573 657 630 statuit,
669 577 697 619 ut
708 574 798 635 tyranni

42 658 153 714 *animum
170 665 267 708 tentaret
283 666 306 707 et
320 662 458 724 experiretur
475 662 560 721 πότερον
572 660 635 714 ὄντος
648 661 678 716 εἴη
691 659 798 713 Διονύσιος

54 746 171 804 ἐξημμένος
192 750 232 796 ὑπὸ
248 748 390 810 φιλοσοφίην,
408 748 476 809 ὥσπερ
493 749 568 809 τυρὸς,
586 749 599 803 ἢ
616 748 688 806 μοὶτην
705 749 715 795 o‘
732 748 799 801 πολὺς

53 832 112 888 οὗτος
130 835 184 883 ἔλθοι
201 836 265 893 λόγος
280 835 390 895 'Altada
408 854 431 899 p.
445 839 491 883 340
509 837 537 883 B.
571 836 634 883 Haec
652 852 709 898 quae
720 835 798 898 paucis

52 923 125 971 verbis
148 924 194 970 diri
215 924 283 987 longa
300 925 400 972 oratione
418 930 440 972 et
457 943 497 988 per
513 925 596 972 multas
615 925 719 986 ambages
738 941 800 971 ener-

51 1017 137 1060 rantur.
172 1013 216 1060 Hic
233 1013 300 1060 dietis
317 1015 409 1077 exponit
429 1019 545 1072 accurate,
563 1014 656 1077 quinam
668 1013 798 1075 aptissimus

52 1103 82 1149 sit
103 1102 245 1164 ingeniorum
266 1101 372 1162 ἔλεγχος,
391 1103 431 1164 qui
449 1104 548 1165 optimus
564 1103 647 1150 modus
665 1102 797 1164 explorandi

51 1207 106 1237 num
127 1190 177 1252 quis
194 1189 294 1238 indolem
310 1172 392 1237 lrabeat
410 1208 461 1237 vere
478 1190 596 1251 φιλόσοφον
614 1196 637 1238 et
655 1191 729 1237 animo
747 1206 799 1237 con-

52 1278 136 1341 ceperit
157 1277 225 1338 ἒροντοο
246 1282 284 1326 τοῦ
300 1278 417 1335 βελτίστου
433 1278 490 1336 βίον.
527 1278 579 1338 Quo
597 1279 684 1338 ἐλέγχῳ
701 1295 757 1324 usus
773 1278 798 1324 in

51 1366 160 1428 Dionysio
182 1384 235 1413 mor
256 1367 342 1414 invenit
365 1384 416 1414 eum
440 1367 527 1429 opinari
550 1367 634 1415 multas
659 1371 727 1429 atque
751 1383 799 1429 gra·

51 1454 151 1501 tissimus
176 1454 331 1516 philosophiae
352 1459 426 1517 partes
448 1472 471 1501 se
494 1456 563 1513 scire,
588 1455 643 1517 quin
666 1454 748 1510 etiam,
772 1459 799 1500 ut

50 1541 176 1599 ferebatur,
204 1542 239 1588 his
268 1542 296 1589 de
323 1541 390 1590 rebus
418 1531 523 1590 nonnihil
558 1543 642 1606 scripto
672 1542 798 1590 mandasse.

51 1630 120 1689 Quod
142 1632 218 1694 ipsum
239 1618 330 1677 Platoni
352 1636 484 1693 argumento
508 1636 556 1678 erat
578 1649 631 1678 eum
653 1648 699 1678 non
716 1648 800 1693 germa-

50 1736 106 1765 num
124 1735 171 1765 esse
187 1719 359 1781 philosophum:
378 1736 402 1766 se
419 1719 479 1766 enim
490 1719 581 1766 nullum
594 1736 695 1781 unquam
706 1719 800 1766 verbum

51 1806 79 1853 de
96 1807 240 1870 philosophia
263 1806 370 1864 edidisse,
391 1811 419 1853 ut
436 1823 493 1869 quae
510 1824 557 1854 non
573 1808 657 1864 literis,
676 1808 715 1854 sed
731 1808 799 1868 longo

50 1900 140 1942 tantum
157 1896 289 1942 commercio
307 1900 330 1942 et
347 1895 438 1942 assidua
455 1896 622 1943 consuetudine
633 1896 694 1942 tradi
706 1901 728 1942 et
739 1913 800 1942 meu-

50 1982 112 2029 tibus
129 1983 238 2030 inculcari
254 1983 332 2046 possit.
350 1983 375 2029 Si
390 1984 433 2045 qui
450 1988 505 2030 sunt
517 1984 557 2045 qui
569 1984 700 2046 scripserint
712 1983 740 2030 dc
750 1983 800 2046 phi-

50 2071 166 2134 losophia,
184 2070 271 2124 τούτους
288 2073 325 2118 οὐκ
342 2069 386 2118 ’ἐστι
392 2108 399 2129 ,
412 2071 501 2133 inquit,
514 2070 573 2119 κοντοὶ
584 2090 612 2129 ηε
624 2073 662 2127 την
674 2072 726 2129 ἐμὴν
737 2071 799 2127 δόξονν

52 2159 99 2219 περὶ
121 2164 159 2207 τοῦ
183 2157 314 2218 τοοὶγμοντοο
336 2160 418 2206 ἐτνΐενν
441 2160 510 2207 οὐδέν.
537 2159 608 2207 οὔκουν
630 2158 680 2217 ἐμόν
702 2177 730 2215 γε
752 2159 799 2218 περὶ

52 2250 121 2295 οὔτῶν
143 2249 188 2295 ἐστι
210 2248 352 2306 aeyyptum
369 2247 425 2295 οὐδὲν
447 2248 492 2295 οὐδὲ
509 2247 594 2306 μήποτε
610 2247 711 2308 νένητοη,
729 2246 799 2307 ῥητέον

51 2337 95 2395 γὰρ
116 2336 213 2393 οὐδοομῶς
236 2336 292 2383 ἐστιν
314 2338 340 2388 ὡς
364 2334 426 2383 ἄλλο
447 2336 572 2393 μοιθημοιτοο
594 2336 639 2385 κτὲ,
664 2353 687 2398 p.
705 2338 753 2382 34]
771 2334 797 2382 C.

51 2423 112 2471 Hine
129 2423 197 2486 longa
213 2423 321 2485 digressio
339 2422 367 2470 de
384 2422 521 2478 maturatae
539 2425 673 2485 ἐπιστήμης,
692 2440 737 2484 qua
754 2423 799 2470 effi-

52 2512 111 2558 citur
136 2528 184 2559 eam
209 2511 278 2557 talem
300 2528 347 2558 esse
360 2520 396 2558 eut
417 2511 489 2558 literis
514 2512 642 2573 consignari
663 2528 705 2558 nec
727 2511 800 2573 possit

53 2618 94 2648 nec
117 2600 207 2657 debeat,
227 2618 249 2663 p.
268 2602 315 2646 342
333 2601 451 2647 A-345
470 2600 495 2647 O.
530 2600 595 2659 Quae
612 2600 736 2663 disputatio
752 2604 799 2647 tam

53 2689 126 2735 multa
146 2688 215 2735 habet
233 2688 349 2736 etverhis
372 2693 395 2735 et
416 2687 483 2735 rebus
506 2689 599 2735 contusa
621 2694 644 2735 et
661 2689 799 2762 obscurant
847 2757 849 2759 Ι
908 2684 910 2689 ’

52 2778 123 2839 paene
140 2777 243 2839 aenigma
258 2776 333 2838 legere
349 2782 372 2823 te
389 2776 473 2824 credas.
484 2777 502 2839 1)

78 2971 96 3015 1)
108 2969 144 3006 Hic
155 2969 205 3007 locus
217 2969 264 3005 infra
277 2969 350 3008 seorsim
362 2981 372 3005 a
385 2981 413 3004 me
424 2967 536 3008 tractabitur.
