1932 3115
467 112 497 155 86

106 266 164 312 inter
186 282 228 311 uos
250 266 318 313 fuerit
335 266 481 313 consiliorum
499 266 526 312 de
544 266 660 328 republica
677 267 835 314 commercium
841 287 848 324 3

107 354 231 400 ostendunt
247 355 272 401 in
289 361 311 400 te
328 344 418 410 causam
435 354 501 400 sitam
518 354 598 412 luisse,
617 371 674 415 quae
691 357 729 409 τὴν
746 355 798 412 {aar
812 355 849 402 aa}

108 443 145 496 etv
162 443 291 502 λυκοφιλίνν
308 442 344 489 aul
361 442 481 489 dammulae
498 443 585 504 peperit
602 443 633 504 (p.
651 445 697 489 318
715 443 750 505 n).

141 530 229 577 Deinde
242 530 327 576 aceedit
339 529 367 576 ad
379 530 490 590 alterum,
507 531 531 577 h.
550 547 568 576 e.
586 531 685 593 primum
702 531 849 578 accusationis

108 625 189 680 caput,
207 619 269 679 quod
285 619 363 680 paucis
380 617 444 664 absol
460 618 483 664 't.
518 617 627 680 Dionysio
644 619 773 666 criminanti
789 619 850 680 quod

108 705 173 752 Plato
191 706 305 767 quondam
322 705 365 753 sibi
382 705 523 752 dissuasisset
545 705 634 752 Siciliae
651 707 752 753 civitates
766 708 851 753 instau-

107 811 156 840 rare
182 800 205 840 et
226 794 346 857 imperium
367 811 434 841 suum
449 794 563 856 mitigare,
581 795 702 856 respondet
720 812 851 842 commemo-

108 882 178 929 rando
204 877 341 940 sermonem,
368 883 407 944 qui
428 882 541 944 quondam
556 883 697 930 adstantibus
717 884 850 930 Aristocrito
906 871 912 881 Γ

77 985 83 1010 ³
109 975 132 1016 et
154 970 293 1017 Archedemo
315 971 340 1017 iu
364 971 437 1033 regiae
465 971 530 1017 horto
554 975 612 1018 esset
633 971 735 1028 habitus,
758 972 782 1018 iu
806 988 850 1033 quo

108 1058 231 1120 Dionysius
256 1059 299 1105 hoc
321 1059 396 1121 ipsum
418 1058 509 1105 Platoni
531 1046 698 1121 exprobrasset,
722 1059 783 1125 quod
805 1060 851 1121 jus-

108 1146 173 1192 sisset
193 1163 216 1192 se
235 1146 276 1199 ννὶς
297 1146 423 1201 ιΕλλνννίδννς
440 1147 513 1199 πόλεις
530 1146 642 1207 κουφίζειν,
660 1146 742 1204 Addit,
752 1164 776 1194 se
784 1147 851 1209 plura

109 1239 241 1296 argumenta
258 1234 336 1281 afferre
352 1251 417 1296 posse
434 1235 462 1281 ad
479 1234 621 1297 probandum
637 1235 661 1281 id
677 1251 700 1282 se
716 1251 852 1298 magnopere

109 1323 232 1384 cupivisse,
250 1322 385 1384 Dionysium
402 1339 454 1369 vero
471 1322 584 1380 noluisse,
602 1322 621 1369 si
638 1339 713 1369 eoram
726 1323 825 1385 idoneo]¹
844 1351 853 1358 -
889 1318 890 1321 ¹

110 1410 158 1457 dice
176 1426 243 1457 causa
260 1415 376 1472 ageretur,
397 1410 464 1463 εἴτις
481 1411 543 1466 iuuat
560 1429 600 1463 ννν
617 1412 714 1471 daturae
731 1412 802 1471 κρίσις.
821 1412 851 1473 (p.

142 1673 204 1720 Haec
227 1679 261 1720 est
281 1674 409 1736 argumenti
425 1690 525 1731 summa,
542 1691 604 1721 nuno
621 1674 650 1721 de
670 1674 778 1736 epistolae
794 1691 853 1721 com-

110 1762 221 1824 positione
239 1768 261 1808 et
279 1761 306 1808 de
322 1779 398 1808 rerum
415 1762 549 1808 tractatione
566 1763 643 1824 paucis
660 1762 783 1809 videamus.
800 1761 853 1825 Epi-

110 1851 191 1897 stolam
213 1851 272 1897 hanc
295 1867 343 1897 esse
363 1841 502 1913 apologiam,
521 1850 549 1896 ad
565 1850 746 1912 redarguendum
762 1851 853 1912 iniquos

110 1955 209 1984 rumores
233 1939 273 2000 qui
295 1955 308 1983 a
330 1938 440 1999 Dionysio
458 1923 550 1999 eiusque
567 1937 741 1984 assentatoribus
759 1938 786 1984 de
803 1937 853 1984 Pla-

110 2030 163 2073 tone
183 2027 254 2088 sparsi
271 2031 346 2073 essent
363 2025 521 2088 compositam,
538 2024 641 2089 indicant
656 2025 728 2087 ipsius
746 2026 853 2088 epistolae

110 2112 189 2162 verba:
207 2116 265 2173 πρὸς,
275 2113 309 2161 at
323 2116 348 2170 δή
359 2132 395 2170 μοι
407 2113 528 2176 (διαβολὰς)
537 2113 611 2167 διττὰς
623 2114 741 2170 araneae
753 2115 854 2169 πνιήσνν-

111 2205 144 2250 tar
156 2204 197 2255 τὰς
208 2204 337 2259 circumter.
360 2202 452 2264 Itaque,
466 2218 602 2263 quamquam
613 2202 722 2265 inscripta
732 2201 853 2263 Dionysio,

112 2291 223 2338 destinata
242 2297 315 2338 tamen
335 2296 372 2338 est
385 2297 411 2337 ut
427 2279 452 2338 in
467 2290 584 2353 publicum
596 2291 699 2338 ederetur
711 2296 733 2337 et
743 2290 812 2352 vulgo
824 2291 855 2337 le-.

112 2386 201 2441 geretur
206 2400 213 2438 3
237 2380 338 2442 alioquin
354 2379 427 2426 inanis
445 2380 544 2443 profecto
561 2380 641 2426 luisset
657 2379 787 2427 istiusmodi
802 2396 854 2426 oum

111 2474 206 2531 tyranno
224 2474 246 2516 et
261 2469 353 2516 inimico
371 2469 535 2531 expostulatio.'
554 2468 605 2515 Jam
622 2468 664 2515 tali
681 2468 774 2516 consilio
790 2485 855 2529 argu·

112 2562 213 2612 mentum
231 2557 338 2619 epistolae
353 2574 434 2619 parum
450 2556 578 2620 respondet.
613 2555 686 2602 Priori
704 2555 855 2620 criminationi

111 2635 170 2690 inter
197 2643 347 2705 Syracusanos
375 2645 489 2706 quondam
518 2661 620 2706 sparsae,
647 2643 709 2705 quod
731 2643 854 2704 Dionysius

112 2748 267 2793 quaecumque
289 2733 408 2794 superbius
434 2737 509 2794 ageret
529 2731 625 2778 Platone
647 2735 739 2778 auctore
759 2731 853 2789 faceret,

111 2820 201 2882 reponit
216 2819 271 2877 hoc,
290 2820 352 2881 quod
368 2820 434 2883 pulso
451 2820 525 2867 Dione
541 2820 620 2866 nullus
637 2819 680 2866 sibi
696 2836 771 2866 rerum
783 2819 856 2881 publ'-

112 2925 188 2957 carum
206 2908 370 2956 tractandarum
389 2908 452 2957 locus
470 2913 527 2957 esset
543 2908 649 2956 relictus:
667 2902 700 2969 ἆρ’
717 2905 750 2954 οὖν
767 2905 802 2957 ola
819 2926 854 2969 μοι
