1932 3115
404 109 489 163 33,

48 258 88 304 illa
105 275 173 320 quam
190 258 217 304 de
234 258 394 320 Syracusarum
411 260 501 306 civitate
521 260 637 307 liberanda
654 263 794 325 concepisset

49 343 174 392 sententia:
197 342 298 415 11111111
314 348 324 394 o‘
341 346 415 405 τρόπος
433 354 472 403 τῆς
489 348 590 404 γενέσεως
609 351 676 403 αὐτῆς
699 350 737 410 (sc.
755 357 794 405 τῆς

50 433 127 486 Δίωνος
151 434 250 498 διοινοίοις)
273 436 310 482 οὐκ
327 435 419 491 οὶιιοὶξιοιι
436 437 534 483 autam.
552 453 574 498 p.
593 436 685 483 32111.
703 436 795 499 Repetit

48 521 72 567 id
95 539 108 567 a
130 506 202 585 primo
225 539 266 569 suo
290 523 389 570 adventu
407 524 431 570 in
452 524 564 579 Siciliam,
586 540 631 585 quo
649 529 750 586 tempore
770 525 795 571 in

49 609 129 656 Dionis
150 615 241 657 venerat
263 611 438 658 familiaritatem
444 631 451 669 ;
475 612 556 658 deinde
573 628 630 673 quae
648 594 701 659 hnic
718 613 795 660 itineri

50 697 188 753 occasionem
210 697 325 756 dederint,
344 715 401 760 qnae
418 704 558 761 antegressa,
577 716 635 760 quae
655 705 732 747 secuta
750 701 796 747 sint
840 740 841 743 ,

49 790 96 832 tam
118 786 204 847 prolixe
221 792 321 843 enarrat,
340 772 459 849 capotius
476 787 578 834 Platonis
595 788 655 834 vitae
673 789 795 835 consilium

51 879 73 919 et
95 875 225 922 institut-um
248 868 346 921 inde'ab
365 875 515 923 adolescentia
533 892 601 937 quam
617 877 698 923 Dionis
715 877 795 923 volun-

49 967 119 1015 tatem
136 967 273 1013 etmentem
295 963 407 1011 declarare
427 965 452 1010 in
470 965 544 1035 animo
561 965 667 1011 habuisse
684 964 793 1011 videatur.

76 1137 114 1184 H.
132 1138 183 1184 Jam
200 1137 229 1184 ad
244 1137 369 1195 ξυμβουλὴν
380 1139 534 1201 progreditur:
553 1139 668 1186 videamus
682 1139 795 1201 quomodo

49 1224 74 1271 id
91 1225 152 1286 qnod
168 1225 288 1287 pollicetur
305 1208 392 1272 efficiat.
410 1226 453 1272 Est
463 1227 519 1273 haec
531 1226 602 1273 altera
614 1227 721 1288 epistolae
732 1244 795 1289 pars,

50 1313 74 1358 in
91 1330 136 1375 qua
153 1313 234 1359 Dionis
248 1314 366 1360 familiares
384 1313 474 1360 docebit
493 1313 564 1373 ἑὲχρὴ
579 1320 644 1361 ποιεῖν
661 1315 685 1362 ἐκ
703 1320 743 1362 τῖον
760 1320 796 1362 νῦν

40 1402 175 1472 γεγονότων.

84 1489 169 1552 Incipit
190 1507 203 1536 a
224 1490 323 1551 generali
346 1489 491 1550 quaestione,
510 1488 629 1546 docende,
652 1505 719 1550 quam
736 1489 795 1535 viam

51 1583 74 1624 et
95 1579 205 1625 rationem
227 1578 252 1624 in
268 1578 367 1625 consiliis
384 1577 464 1624 dandis
483 1577 529 1624 sive
550 1578 645 1640 singulis
662 1577 793 1625 hominibus

51 1684 90 1713 seu
112 1658 240 1714 civitatibus
263 1666 401 1729 sequendam
411 1671 514 1713 censeat.
540 1665 640 1723 Consilia
653 1683 703 1713 non
719 1666 793 1713 danda

51 1771 98 1800 esse
120 1755 165 1801 nisi
186 1755 273 1817 petenti
293 1760 316 1801 et
333 1755 427 1816 obsequi
444 1754 554 1817 cupienti,
571 1754 658 1801 nemini
673 1771 725 1801 vero
743 1771 794 1801 con-

51 1841 128 1888 silium
150 1842 324 1889 obtrudendum'.
358 1842 424 1889 Hanc
446 1827 505 1889 viam
527 1859 550 1888 se
568 1847 590 1889 et
608 1847 673 1889 antea
690 1847 793 1889 secutum

52 1935 74 1976 et
98 1947 160 1977 nunc
185 1936 317 1978 secuturum
342 1930 447 1978 declarat.
481 1930 521 1977 ld»
536 1930 649 1992 praetatus
672 1931 794 1978 revolvitur

51 2018 81 2064 ad
106 2019 207 2080 querelas
233 2019 260 2065 de
285 2018 400 2081 Dionysiis
423 2024 486 2081 patre
510 2024 532 2065 et
554 2019 612 2076 filio,
634 2036 731 2080 quornm
755 2018 794 2064 ille

51 2106 173 2153 infidorum
193 2107 316 2154 amicorum
339 2106 438 2153 consiliis
461 2106 581 2153 obsecutus
604 2106 709 2169 septuplo
735 2106 795 2168 peio-

51 2211 98 2241 rem
121 2211 145 2241 se
167 2195 266 2241 ostendit
288 2194 357 2240 Dario
381 2194 509 2256 (Hystaspis
531 2194 597 2256 lilio),
620 2194 709 2252 Δοιρείου
726 2195 793 2241 {nva-

52 2281 149 2335 aructat
169 2282 301 2341 φιιολότερον
314 2283 345 2343 l),
364 2286 387 2328 et
406 2298 478 2343 quum
498 2280 598 2327 Siciliam
614 2281 794 2339 florentissimam

51 2370 144 2417 reddere
165 2370 289 2432 potuisset,
313 2370 433 2432 imperinm
455 2386 526 2431 paene
549 2368 635 2425 amisit;
655 2369 711 2415 alter
727 2385 792 2426 vero,

51 2459 131 2521 spretis
148 2458 294 2505 honestorum
311 2458 434 2504 amicorum
451 2457 563 2513 consiliis,
582 2457 664 2518 quibus
685 2462 795 2503 vastatam

51 2546 150 2593 Siciliam
172 2562 271 2593 recreare
294 2551 316 2592 et
340 2546 465 2592 Poenorum
489 2544 665 2592 dominationem
687 2544 795 2606 repellere

78 2757 146 2815 111111
161 2768 293 2811 ἑπταπλασίωςῗ
317 2769 372 2804 Ludit
384 2768 468 2803 nimirum
484 2768 503 2802 in
516 2779 536 2801 co
549 2766 597 2812 quod
608 2766 674 2801 Darius
686 2777 761 2811 regnum
770 2764 796 2800 di·

53 2839 95 2876 visit
110 2841 128 2875 in
147 2843 214 2887 septem
230 2842 298 2887 partes,
317 2852 391 2886 quarum
403 2850 482 2886 quaeque
494 2838 551 2873 maior
563 2849 616 2885 qnam
628 2839 667 2872 tcta
679 2835 739 2872 Sicilia
751 2835 796 2878 tuit,

53 2913 73 2945 nt
86 2923 127 2947 mcx
140 2911 192 2947 dicit:
211 2912 283 2959 διένειμέ
299 2926 319 2948 τε
330 2917 376 2962 μέρη
388 2913 443 2957 μεὶζω
455 2913 519 2947 ἕκαστα
531 2911 604 2950 Σικελίας
615 2913 671 2951 πάσης
683 2910 734 2945 ἑπτά.

695 2980 709 3019 3
