1932 3115
487 122 532 174 131

133 284 185 343 Quo
202 285 288 331 factum
308 289 333 330 ut
351 284 468 330 amborum
487 283 589 329 simultas
612 288 725 345 postremo
744 284 767 329 in
791 282 875 329 bellum

132 373 247 435 cruperitp
261 388 306 432 quo
323 372 367 418 Dio
386 371 475 431 tyranni
493 386 546 432 opes
564 370 650 416 euertit.

164 458 222 504 Cum
239 459 344 521 primario
359 458 401 504 hoc
417 457 511 503 consilio
529 457 624 503 alterum
634 458 739 519 junctum
751 463 796 514 cst,
815 458 875 519 quod

131 554 153 592 et
175 547 200 593 in
220 547 293 593 media
316 546 410 608 epistola
433 547 462 607 (p.
485 547 531 590 330
550 545 577 605 G)
600 551 622 591 et
644 546 667 591 in
686 550 784 592 extrema
801 551 875 607 aperte

132 635 228 697 scriptor
241 634 338 691 indicat,
356 633 414 680 illud
430 650 522 695 nempe,
539 639 565 679 ut
576 633 696 695 redarguat
707 634 829 680 invidiosos
841 650 875 679 ru-

133 739 205 769 mores
218 723 257 784 qui
266 722 293 768 dc
301 722 396 768 Platone
409 726 482 768 essent
494 722 578 783 sparsi,
592 722 656 782 quasi
664 721 712 777 ille,
727 738 795 782 quum
809 722 877 768 semel

133 825 146 854 a
163 809 271 870 Dionysio
288 810 370 855 maiore
393 808 507 870 Syracusis
525 809 605 870 pulsus
623 814 693 866 esset,
717 809 876 865 nihilominus,

134 902 212 958 captus
231 896 316 942 aulicae
333 897 392 942 vitae
410 896 508 953 deliciis,
527 896 575 942 sine
590 898 652 958 justa
669 913 736 942 causa
756 897 836 942 iterum
855 901 877 942 et

135 984 201 1030 tertio
225 984 280 1030 illuc
298 989 356 1030 esset
372 984 486 1045 protectus
504 1000 575 1044 coque
591 1001 654 1030 suam
678 1000 703 1030 ac
721 984 877 1045 philosophiae

136 1072 269 1132 [lignitatem
290 1077 373 1118 temere
393 1072 458 1117 novis
482 1071 623 1117 contumeliis
646 1071 770 1133 objecisset.
804 1072 877 1132 Argu·
919 1104 920 1107 η

133 1163 235 1205 mentum
252 1158 295 1205 hoc
318 1159 390 1221 specie
414 1157 586 1215 secundarium,
612 1175 687 1204 revera
704 1164 779 1204 tamen
795 1158 878 1220 praeci-

134 1262 205 1308 puum
223 1251 256 1291 est
273 1245 309 1307 (dc
328 1261 372 1306 quo
390 1245 448 1291 infra
466 1245 601 1307 accuratius)
621 1261 692 1307 eoque
703 1245 770 1307 longe
780 1246 878 1292 maxima

134 1335 241 1398 epistolae
264 1352 315 1397 pars
338 1335 447 1397 expletur.
477 1334 555 1392 Quum
575 1335 618 1381 hoc
636 1336 665 1381 sit
682 1335 809 1397 scriptionis
826 1352 877 1398 pro-

134 1424 246 1486 positum,
269 1440 315 1469 non
337 1423 466 1470 mirandum
489 1423 598 1484 quaedam
621 1429 661 1470 aut
682 1424 764 1469 omissa
781 1441 794 1469 a
810 1424 877 1485 scrip-

137 1518 185 1557 tore
203 1517 243 1558 aut
259 1512 338 1558 leviter
357 1517 418 1558 tacta
435 1529 482 1558 csse
499 1529 557 1573 quae
580 1528 605 1557 co
623 1528 703 1573 parum
720 1512 876 1558 conducerent.

135 1599 187 1646 Jam
204 1600 232 1645 de
248 1599 284 1645 his
302 1600 421 1646 itineribus
438 1600 568 1661 singulatim
586 1616 685 1661 agamus.

131 1764 133 1770 Α
167 1776 243 1833 Plato,
264 1776 389 1822 secundum
401 1764 529 1839 epistolam,
547 1793 618 1837 quum
635 1782 749 1838 pertaesus
762 1781 820 1822 esset
831 1793 877 1823 cor-

133 1869 223 1926 ruptam
246 1864 325 1910 aetatis
345 1881 399 1910 suae
416 1864 558 1925 disciplinam
575 1868 597 1910 ct
614 1864 745 1926 depravatos
762 1880 834 1910 mores
852 1881 877 1910 11

133 1969 265 2015 persuasum
282 1952 325 1998 sihi
341 1953 434 1999 haberet
454 1954 527 1999 sanari
550 1953 651 1999 civitates
673 1948 719 1999 non
739 1969 815 2014 posse,
833 1953 877 1999 nisi

132 2040 201 2086 iidem
212 2040 285 2086 forent
295 2040 430 2102 imperantes
448 2046 470 2086 et
486 2040 628 2102 philosophi,
646 2041 688 2086 hac
702 2045 789 2097 mente,
808 2023 875 2096 (licit,

133 2128 223 2191 (1111111
242 2128 280 2181 τὴν
297 2128 388 2175 havelam
404 2128 468 2190 ἔχων)
487 2128 583 2174 Athenis
600 2129 624 2174 in
638 2127 728 2174 Italiam
743 2134 765 2174 et
778 2128 876 2175 Siciliam

134 2233 183 2264 sum
200 2216 320 2278 profectus.
356 2214 469 2281 Quaeras,
488 2232 528 2262 cur
544 2216 568 2262 in
584 2215 689 2262 ltaliam?
707 2233 751 2277 quo
772 2216 875 2273 consilio,
892 2243 897 2249 ι·

134 2322 179 2366 qua
196 2293 251 2366 spe?
284 2303 348 2351 Num
365 2305 418 2366 quia
434 2304 515 2351 melius
533 2310 630 2351 moratas
648 2305 748 2351 civitates
765 2304 797 2351 ibi
812 2322 835 2351 se
846 2305 877 2351 vi-

134 2409 212 2438 surum
228 2392 334 2454 putaret?
357 2393 463 2439 Attamen
479 2396 544 2448 retus
559 2393 712 2455 Sybaritarum
725 2398 747 2439 ct
762 2393 876 2452 Crotonia-

133 2484 207 2526 tarum
224 2479 325 2526 luxuries
341 2480 401 2526 fama
418 2486 465 2527 erat
481 2486 541 2526 nota.
577 2479 600 2526 Si
616 2485 692 2527 tamen
704 2480 746 2527 hac
758 2480 876 2542 opinione,

133 2574 160 2614 ut
183 2585 209 2613 111
232 2568 340 2630 epistolae
362 2567 436 2615 verbis
460 2560 749 2629 colligas,eomig1·avit,
774 2569 818 2614 cito
839 2584 877 2629 spe

134 2655 234 2717 dejectus
252 2661 292 2702 est.
326 2655 417 2702 Invenit
433 2655 466 2701 ihi
483 2655 571 2712 omnia,
595 2660 621 2702 ut
644 2655 710 2712 dicit,
729 2658 833 2717 corrupta
855 2662 877 2702 et

134 2742 221 2806 perdita
244 2744 311 2800 luxu,
332 2744 433 2805 ignauia,
452 2743 597 2799 libidinibus,
624 2760 681 2804 quae
706 2743 746 2791 ubi
768 2749 876 2805 regnant,

134 2832 213 2879 auam
230 2832 266 2879 aa}
283 2831 377 2888 ἰσονόμου
394 2833 504 2884 roncata
524 2848 552 2878 nc
571 2832 649 2878 umbra
666 2831 757 2892 quislem
775 2850 822 2878 esse
839 2849 877 2894 po-

135 2924 180 2966 test
197 2920 227 2980 (p.
246 2920 292 2965 326
310 2919 402 2981 Β--’])).ι
436 2919 519 2965 Mirum
538 2936 589 2964 vcro
607 2919 667 2979 quorl
688 2919 771 2966 oblitus
789 2920 878 2966 ridetur
915 2930 917 2934 ’
