1932 3115
427 146 472 190 187

80 297 199 360 quodque,
218 297 279 358 quod
297 297 371 343 animo
389 298 493 353 offertur,
512 297 639 359 exploretur
657 302 678 343 et
695 297 782 343 ratione
799 300 822 341 et

24 403 26 407 ·
79 402 213 448 perreium
236 385 397 446 experientiam
419 384 534 440 sensibus,
559 384 669 446 quidquid
687 385 770 430 dicitur
785 383 822 429 vel

79 472 206 519 ostenditur
222 472 288 518 facile
303 472 486 534 redarguendum
503 489 526 518 se
543 472 645 533 praebet,
663 489 734 533 eoque
746 488 822 518 omues

79 561 153 617 omni,
178 566 205 606 ut
224 561 257 606 ita
274 559 360 617 dicam,
378 560 526 621 ambiguitate
544 565 566 606 et
583 560 719 606 obscuritate
735 559 820 622 implet.

78 649 107 696 Iu
129 649 212 710 quibus
230 649 301 710 igitur
317 665 364 695 non
381 649 466 695 assueti
482 665 562 694 sumus
580 648 608 694 ob
625 665 716 710 pravam
733 648 823 694 iustitu-

77 737 161 784 tionem
185 753 262 783 verum
284 736 432 798 investigare,
451 737 490 783 sed
508 736 588 782 oblatis
605 753 681 782 rerum
698 735 822 782 simulacris

78 825 178 871 contenti
195 841 286 880 sumus,
304 824 369 870 facile
385 824 528 871 ludificamur
544 824 641 871 invicem
651 823 782 885 interrogati
794 822 822 869 ab

79 911 284 973 interrogantibuS,
308 911 391 971 quibus
415 912 511 958 facultas
534 912 563 957 sit
581 916 678 972 quatuor
694 911 734 956 illa
751 909 824 956 discu-

79 999 151 1046 tiendi
174 1005 196 1045 et
220 998 336 1060 arguendi.
370 998 418 1046 Ubi
434 1016 487 1046 vero
503 1001 528 1045 in
545 998 701 1061 respondendo
719 999 824 1059 quintum

79 1086 138 1134 illud
155 1086 267 1148 explicare
284 1103 374 1133 necesse
392 1091 437 1143 est,
456 1088 593 1148 quicumque
611 1086 751 1148 disceptandi
767 1085 824 1147 peri-

80 1180 117 1221 tus
142 1173 315 1235 [aduersarium]
339 1173 468 1234 subvertere
491 1173 557 1229 velit,
580 1173 650 1220 vincit
669 1173 780 1234 efficitque
797 1176 824 1218 ut

81 1263 113 1318 is,
132 1262 172 1322 qni
188 1262 289 1307 oratione
305 1261 342 1307 vel
358 1261 430 1308 literis
447 1262 483 1308 vel
499 1262 644 1324 responsione
654 1278 701 1308 rem
714 1260 824 1323 explicare

80 1349 146 1404 uelit,
164 1348 278 1409 plerisque
295 1348 438 1394 audientium
454 1349 513 1394 nihil
530 1365 608 1395 eornm
631 1365 688 1409 quae
705 1348 779 1394 dicere
789 1346 825 1393 rel

82 1435 178 1482 scribere
201 1434 331 1497 aggreditur·
350 1435 479 1497 vintelligere
503 1436 619 1482 videatur:
638 1418 695 1497 quos
709 1435 825 1482 interdum

81 1523 153 1584 fugit,
170 1540 217 1569 non
233 1527 339 1572 naturam
351 1523 461 1585 cuiusque
473 1529 571 1585 quatuor
582 1525 685 1580 illorum,
698 1523 738 1570 sed
749 1522 825 1585 potius

82 1612 182 1657 animum
199 1610 316 1659 scribentis
331 1611 367 1657 vel
378 1611 492 1672 loquentis
504 1613 581 1674 argui,
593 1612 651 1658 male
663 1630 686 1659 se
697 1612 824 1659 habentem.

81 1698 202 1744 Discursus
219 1714 271 1744 vero
288 1715 328 1760 per
345 1699 421 1745 omnia
437 1699 477 1745 illa
494 1717 584 1746 sursum
601 1700 719 1756 deorsum,
735 1700 825 1761 singula

82 1786 186 1847 deinceps
204 1785 334 1847 exploranS,
348 1786 385 1832 uix
400 1786 492 1833 tandem
503 1787 620 1834 scientiam
632 1787 705 1849 gignit
716 1788 825 1834 sinceram

51 1877 53 1880 ’
81 1875 106 1920 in
125 1873 199 1920 animo
217 1873 316 1940 sincer03
335 1879 358 1920 at
375 1874 394 1920 si
411 1875 462 1935 quis
479 1875 539 1921 mala
555 1875 631 1922 indole
648 1876 678 1922 sit
694 1876 823 1938 praeditum

82 1962 209 2013 cuiusmodi
226 1966 260 2007 est
276 1962 436 2024 plerorumque
454 1964 523 2010 animi
538 1964 626 2010 indoles
642 1970 690 2010 tam
707 1964 735 2010 ad
746 1964 826 2010 doctri-

82 2060 134 2095 nam
157 2051 225 2110 quain
242 2048 276 2119 arl.
287 2065 373 2106 mores,
391 2051 474 2113 partim
492 2051 560 2097 etiam
576 2052 596 2098 si
612 2051 771 2112 (institutione)
789 2051 827 2098 ‹le-

83 2141 188 2199 pravatus
211 2118 388 2192 stasilium&
410 2139 501 2200 ingenia
523 2156 551 2185 ne
568 2138 673 2201 Lynceus
691 2139 782 2201 quidem
800 2145 827 2186 ut

82 2229 175 2272 cernant
197 2224 281 2270 efficere
304 2230 386 2285 posset.
421 2225 455 2271 Ut
475 2227 605 2273 summatim
628 2227 714 2283 (licam,
738 2228 778 2288 qui
794 2228 827 2274 rei

82 2313 127 2375 ipsi
158 2311 197 2374 [de
220 2328 264 2373 qua
287 2313 414 2374 quaeritur]
437 2330 483 2360 non
510 2321 619 2376 cognatus
645 2315 687 2371 sit,
712 2332 764 2362 enm
786 2333 828 2362 nec

85 2404 209 2412 μ...

108 2439 126 2483 2)
139 2438 197 2485 Vulgo
210 2441 227 2475 ου’
239 2441 372 2485 καταγέλαστοι,
384 2439 431 2485 qnod
443 2440 458 2475 si
470 2443 557 2484 servatur,
571 2441 683 2477 enuntiatum
688 2454 722 2488 ,per
730 2442 828 2490 interroga-

83 2509 151 2544 tionem
163 2509 269 2544 efferendum
282 2511 314 2544 cst.

109 2580 126 2622 3)
139 2579 196 2614 Verba
211 2579 236 2615 sic
248 2580 377 2626 transponendo
390 2579 477 2623 arbitror,
490 2584 511 2616 ut
523 2581 578 2617 latine
591 2583 639 2618 dedi:
654 2587 685 2633 οὐχ
699 2589 710 2626 ἡ
723 2593 755 2622 τῶν
768 2589 828 2622 τεττά-

83 2650 179 2698 ρωψφὺσις
195 2651 264 2686 ἑκάστου
277 2651 372 2697 ἐλέγχεται,
391 2649 427 2686 ἀλλ’
443 2654 453 2692 ἡ
470 2655 514 2702 ψυχὴ
527 2656 556 2694 τοῦ
567 2658 618 2708 γράψ.
631 2658 643 2698 ἣ
654 2657 688 2697 λέξ.
702 2669 741 2705 πεφ-
757 2658 826 2704 φαύλως.

84 2720 130 2755 Nam
148 2720 162 2754 si
180 2720 258 2766 imperiti
275 2732 284 2755 a
299 2721 360 2767 peritis
376 2722 515 2777 redarguuntum
532 2735 584 2767 causa
601 2728 628 2767 est
644 2738 680 2763 non
692 2727 711 2761 in
723 2739 754 2770 11,
767 2727 797 2763 ser
808 2727 826 2766 in

84 2790 176 2826 hominum
189 2790 265 2831 inscitia,
