1932 3115
443 111 472 157 87

228 235 240 249 1
338 240 340 243 ,

87 262 137 310 τότε
157 266 268 310 ronicenda
285 260 338 310 εἶναι
355 263 459 310 κοινωνίννν
476 263 527 322 πρός
542 282 577 320 051
596 254 627 326 (Ρζ
644 266 692 310 316
709 263 746 325 D).
780 262 830 309 Jam

86 367 138 396 vero
156 350 244 396 etiamsi
255 349 415 406 concedamus,
429 367 454 396 eo
466 350 525 397 sacto
536 350 627 397 Platoni
639 351 832 413 opportunitatem

86 438 156 484 fuisse
184 437 295 484 ademtam
321 444 348 484 ut
370 437 506 501 Dionysium
528 439 685 501 philosophiae
707 440 832 501 praeceptis

86 526 198 573 imbueret
215 531 237 572 et
254 526 283 572 ad
300 527 354 573 boni
371 527 478 589 principis
496 527 591 590 effigiem
609 527 770 583 conformaret,
785 544 831 573 non

86 618 160 659 tamen
177 613 294 675 probabile
311 611 358 670 est,
372 615 459 661 eumin
471 614 524 661 aula
535 614 655 675 degentem
667 613 694 659 ab
707 614 768 659 omni
780 630 832 660 curn

86 701 187 764 principe
199 702 333 747 commercio
346 701 374 747 de
385 701 482 763 publicis
491 702 588 763 negotiis
596 702 704 747 mansisse
713 706 832 747 remotum.

87 788 149 848 Quid
173 789 234 850 quod
255 789 296 835 hac
313 789 337 836 in
354 794 418 851 parte
434 790 485 852 ipsa
502 789 598 852 epistola
615 789 659 835 sibi
674 806 721 835 non
738 794 833 836 constat.

85 877 137 925 Jam
153 878 264 940 principio
282 878 312 940 (p.
332 880 379 947 3lb
397 880 426 940 A)
445 878 527 940 excipit
544 876 607 924 11111
623 897 648 924 τε
665 867 756 937 βραχέα
773 877 833 925 birra

85 967 121 1013 aa}
141 967 175 1012 rh
197 970 239 1013 νῶν
263 963 330 1022 adnot
356 967 466 1026 upooluro:
486 966 550 1028 quasi
568 967 611 1012 hoc
627 966 676 1012 lere
694 971 751 1013 esset
767 984 834 1029 nego-

26 1038 27 1041 *
84 1054 152 1111 tium,
177 1054 238 1115 quod
261 1054 353 1115 quidem
375 1071 387 1101 e
408 1053 510 1100 Platonis
533 1054 645 1101 sententia
666 1059 713 1101 erat
730 1056 833 1116 gravissi-

50 1165 52 1167 >
71 1158 159 1198 mum,
183 1146 209 1188 ut
232 1148 324 1204 apparet
347 1142 423 1191 exiis
446 1158 503 1204 quae
526 1141 568 1188 hac
591 1131 665 1188 dere
686 1141 833 1203 disputantur

84 1231 109 1276 in
130 1230 188 1277 libro
211 1229 239 1276 de
261 1229 332 1292 Legg.
355 1228 402 1287 IV,
426 1247 449 1291 p.
475 1231 521 1277 722
543 1246 575 1291 sq.
594 1229 634 1276 ubi
652 1229 732 1287 docet,
750 1230 833 1277 honam

65 1309 71 1318 .,
84 1319 157 1380 legem
180 1317 269 1365 duabus
282 1320 395 1365 'constare
417 1318 533 1380 partibus,
558 1335 654 1380 quarum
676 1319 746 1365 altera
763 1320 792 1365 sit
808 1319 833 1366 τὸ

45 1442 48 1445 Δ
85 1406 233 1464 servarunt,
257 1407 280 1453 h.
301 1423 319 1452 e.
337 1407 413 1469 ipsum
430 1406 486 1468 legis
503 1407 678 1469 praescriptum,
697 1407 792 1454 alterurn
808 1407 833 1454 τὸ

85 1494 209 1548 cerostata,
229 1511 273 1556 quo
295 1495 352 1541 ratio
374 1495 431 1556 legis
455 1495 576 1556 exponitur
593 1500 615 1541 et
632 1494 752 1551 suadetur,
770 1495 793 1541 h.
812 1512 832 1541 e.

85 1582 224 1645 prooemium
230 1602 236 1640 3
255 1599 307 1644 ergo
324 1582 379 1629 boni
395 1582 529 1644 legislatoris
548 1599 595 1629 esse
616 1583 732 1641 νροτιθέννν
751 1583 832 1636 cauria

85 1675 122 1718 τοῦ
138 1670 204 1727 λόγον
221 1671 359 1733 reproperata
377 1670 482 1728 προοίμιον
498 1670 595 1722 ἑκάστοις
611 1671 641 1732 (p.
658 1673 704 1718 723
718 1670 751 1733 O).
773 1671 832 1718 lude

85 1759 180 1821 scriptor
197 1759 304 1821 epistolae
321 1758 345 1805 id
362 1759 410 1805 sine
423 1748 497 1805 dubio
509 1758 597 1805 sumsit.
620 1758 673 1805 Jam
687 1760 830 1807 manifestum

86 1852 131 1905 est,
147 1847 287 1909 prooemium
303 1846 359 1908 legis
377 1847 482 1908 componi
498 1863 545 1893 nou
562 1863 628 1909 posse
645 1834 767 1908 antequam
782 1848 832 1909 ipsa

84 1936 122 1981 lex
138 1935 263 1982 constituto
279 1935 309 1981 sit
314 1954 322 1991 3
340 1951 408 1996 quaro
424 1951 461 1981 res
477 1935 521 1980 ista
537 1951 682 1996 nequaquem
699 1934 727 1981 ad
741 1934 831 1993 βρνχέν

85 2024 133 2070 τινὰ
142 2023 310 2069 annumeranda
319 2027 376 2079 erat,
388 2021 450 2084 quod
458 2022 535 2084 potius
544 2023 702 2084 gravissimum
711 2023 833 2085 0111101315-

85 2102 162 2158 latoris
180 2128 244 2173 opus,
262 2110 350 2157 Deinde
367 2110 432 2157 alteri
449 2110 613 2167 ciiminationi,
633 2110 695 2172 quod
711 2110 776 2157 Plato
789 2110 833 2157 dis-

85 2200 192 2247 suasisset
208 2199 318 2261 Dionysio
336 2199 513 2245 dominationem
529 2200 643 2246 remittere
660 2204 683 2245 et
696 2199 785 2245 Siciliae
801 2200 830 2246 ei-

85 2290 167 2335 uitates
189 2304 298 2345 recreare,
322 2287 417 2350 scriptor
438 2287 560 2350 respondet
580 2288 775 2350 commemorando
790 2288 833 2335 eol-

86 2378 177 2440 loquio,
206 2376 268 2438 quod
295 2375 451 2444 praesentibus
483 2376 618 2423 Aristocrito
644 2381 666 2423 et
692 2376 832 2423 Archedemo

86 2465 121 2523 in
133 2465 207 2527 regiae
226 2448 292 2511 horto
314 2481 365 2510 cum
387 2463 497 2525 Dionysio
515 2463 632 2510 habuisset
650 2464 727 2519 Plato,
746 2464 832 2525 inquo

88 2554 201 2616 colloquio
217 2553 335 2600 Platonem
352 2553 495 2600 vehementer
511 2553 536 2599 id
552 2553 661 2610 suasisse,
675 2553 737 2614 quod
748 2546 833 2599 dissua-

7 2635 9 2637 ¹
34 2656 36 2658 ’
87 2643 142 2689 51550
165 2659 217 2689 eum
239 2642 295 2689 dicit
316 2642 450 2703 Dionysius,
475 2646 553 2687 contra
572 2641 634 2687 hunc
657 2641 685 2687 ab
706 2658 732 2687 eo
750 2641 834 2687 dissen-

88 2731 148 2777 sisse.
184 2729 247 2789 Quid
268 2731 311 2777 hoo
335 2729 398 2777 aliud
420 2730 465 2776 11111
486 2729 532 2775 nisi
551 2728 653 2788 πράττειν
668 2729 699 2776 rol
716 2727 834 2776 1111111111

88 2819 194 2866 Ceterum
204 2818 268 2865 istud
279 2818 417 2880 colloquium
430 2817 459 2864 ad
469 2816 587 2864 Platonem
596 2816 763 2864 defendendum
772 2817 835 2879 parvi

89 2913 122 2954 est
139 2907 251 2970 ponderis.
286 2906 350 2966 Quid
366 2907 426 2953 enim
444 2906 472 2952 ad
489 2905 693 2954 fidemteciendem
704 2906 764 2953 valet
776 2922 835 2953 com·
