1932 3115
395 137 457 180 ,31

98 289 118 336 Ι.
138 290 203 336 Plato
217 289 339 351 respondet
353 288 433 335 Dionis
449 287 594 351 propinquis,
610 287 707 334 libenter
723 304 746 333 se
755 287 813 333 velle

66 378 168 424 societati
183 377 275 423 illorum
292 376 385 433 ascribi,
408 377 427 422 si
445 376 539 423 eandem
556 391 613 436 quae
631 374 711 421 Dionis
731 375 812 420 luisset

42 448 44 451 ι
66 465 94 512 de
105 465 221 528 republica
240 465 349 511 haberent
366 465 517 520 sententiam3·
531 463 599 509 buius
617 463 688 524 igitur
699 462 813 509 sententia

67 558 89 600 et
120 553 224 599 voluntas
247 552 320 613 qualis
342 534 411 598 fuerit
432 568 456 598 se
484 551 646 613 expositurum.
687 536 811 596 Exordium

70 641 123 686 lacit
146 655 159 686 a
181 657 234 687 suae
256 641 328 703 ipsius
351 641 411 687 vitae
432 640 538 686 instituto
561 644 584 685 et
601 655 677 685 111111.
711 634 769 685 Inde
786 638 813 684 ab

71 728 221 774 adolescentia
241 728 324 774 ductus
340 728 385 774 tuit
402 727 477 774 studio
494 744 529 773 res
546 727 649 789 publicas
667 720 810 789 capessendi,

68 815 107 862 sed
129 816 208 862 multis
231 816 320 863 casibus
342 816 395 863 inde
418 816 526 879 depulsus
550 820 590 862 est.
624 815 726 862 Primum
743 832 814 876 quum

68 903 162 965 triginta
179 904 222 950 riri
239 921 326 951 summa
348 921 423 951 rerum
446 904 513 967 potiti
535 903 656 950 violentius
674 920 696 950 se
714 909 816 965 gererent
867 964 869 968 ,

71 987 138 1053 atque
160 993 236 1054 ipsum
258 992 372 1039 Socratem
394 993 417 1039 vi
439 978 571 1054 participem
587 991 680 1039 reddere
697 1008 750 1038 snae
768 1009 816 1038 cru-

70 1080 169 1126 delitatis
186 1086 330 1136 conarentur,
349 1080 489 1126 abalienatus
507 1085 541 1125 est
558 1097 570 1125 a
587 1080 691 1126 civilibus
708 1080 814 1142 negotiis.

70 1167 113 1214 His
139 1168 251 1230 expulsis,
278 1185 350 1229 quum
380 1185 430 1230 spes
453 1169 595 1214 revivisceret
617 1169 717 1215 melioris
740 1185 816 1215 rerum

70 1262 155 1313 status,
173 1273 226 1302 mor
243 1261 320 1302 secuta
337 1261 371 1302 est
387 1257 473 1318 injusta
489 1255 587 1302 Socratis
605 1256 732 1314 damnatio,
754 1257 815 1304 unde

70 1344 170 1391 taedium
185 1361 235 1390 eum
250 1345 310 1407 cepit
323 1361 399 1391 rerum
412 1344 554 1407 publicarum
560 1365 567 1402 3
577 1352 600 1391 et
609 1362 653 1406 qno
663 1346 735 1407 magis
745 1352 816 1392 aet-ate

71 1433 252 1495 progrederetur,
278 1450 303 1480 11
325 1433 415 1495 plenius
432 1434 545 1495 perspexit
562 1434 617 1480 adeo
635 1439 752 1496 corruptos
770 1451 817 1481 esse

63 1537 144 1569 ‚mores
161 1528 183 1566 11
201 1521 353 1583 disciplinam,
371 1527 398 1567 ut
415 1516 534 1583 pleraeque
546 1522 647 1568 civitates
658 1523 819 1569 immedicabili

72 1609 149 1655 morbo
172 1609 312 1667 laborarent3
339 1609 425 1656 nullam
448 1627 495 1657 1111
519 1610 599 1656 salutis
622 1627 684 1672 spem
709 1611 753 1657 nisi
779 1616 818 1657 aut

71 1698 201 1760 philosophi
221 1695 356 1760 imperarent
379 1704 418 1745 aut
440 1699 575 1761 imperantes
597 1699 817 1761 philosopharentur.

73 1788 108 1849 (p,
122 1788 169 1832 326
187 1788 224 1849 A).

105 1873 155 1920 Hac
177 1880 252 1921 mente
275 1875 376 1921 Athenas
398 1875 497 1936 reliquit.
531 1875 648 1922 Proiectus
669 1876 694 1922 in
713 1876 817 1933 Italiam,

74 1963 106 2009 ibi
128 1963 234 2010 instituta
257 1969 278 2010 et
300 1980 373 2010 mores
396 1952 481 2026 eadem>
496 1981 541 2026 qua
564 1964 625 2011 domi
645 1965 695 2011 labe
713 1971 818 2028 corrupta

75 2052 179 2113 repperit.
219 2051 287 2099 Forte
316 2051 404 2099 delatus
430 2053 454 2099 in
480 2052 579 2099 Siciliam
605 2054 632 2114 (a.
660 2053 767 2119 (1388)
797 2059 819 2100 et

77 2141 188 2188 admissus
199 2142 224 2188 in
236 2142 312 2188 aulam
323 2141 436 2203 Dionysii,
448 2142 481 2189 ibi
493 2143 598 2204 cognorit
606 2142 716 2199 Dionem,
728 2143 819 2204 tyranni

75 2230 240 2292 propinquum,
265 2230 428 2277 adolescentem
451 2230 541 2292 (viginti
561 2230 748 2294 tere-armorum)
774 2231 820 2277 acri

75 2319 179 2379 ingenio,
198 2317 305 2375 docilem,
322 2318 462 2375 modestum,
481 2335 548 2379 quem
559 2319 650 2365 virtutis
663 2325 685 2365 et
697 2320 820 2381 sapientiae

50 2389 51 2392 ¹
77 2423 150 2453 amore
172 2407 266 2453 imbuit:
291 2407 330 2467 qui
353 2406 380 2452 ab
403 2407 446 2452 hoc
468 2407 521 2452 inde
540 2412 640 2469 tempore
657 2424 717 2454 unus
734 2409 758 2453 in
776 2425 821 2454 me-

77 2495 114 2541 dia
137 2495 200 2541 aulae
223 2495 368 2541 lubidine-et
389 2495 481 2541 lascivia
500 2496 673 2557 temperantiam
690 2497 821 2559 1111111111-

77 2589 147 2630 tatem
173 2584 245 2629 colere
267 2600 313 2629 non
331 2583 425 2630 destitit.
452 2583 516 2630 Abiit
532 2583 605 2630 Plato.
632 2584 728 2645 Aliquot
745 2593 821 2632 autern

54 2722 56 2726 ι
78 2671 142 2716 annis
159 2679 223 2732 post,
241 2675 330 2717 mortuo
347 2671 456 2732 Dionysio
474 2682 503 2731 (a.
522 2672 590 2732 367),
609 2672 636 2718 ab
652 2673 720 2719 buius
735 2690 823 2720 succes-

78 2775 127 2804 sore
150 2759 259 2821 Dionysio
281 2760 380 2815 minore,
398 2759 479 2805 Dionis
496 2759 600 2817 hortatu,
617 2761 727 2807 invitatus
745 2768 822 2808 estut

78 2864 156 2893 rursus
168 2847 264 2893 Athenis
281 2847 401 2908 Syracusas
413 2849 505 2894 reniret.
529 2847 562 2893 lte
573 2849 673 2896 multum
684 2849 820 2906 deliberata,

78 2934 182 2998 tandem,
201 2937 242 2981 etsi
258 2936 442 2996 tergiversanter,
461 2936 527 2983 cessit
545 2938 667 2984 amicorum
684 2939 787 2999 precibus
800 2944 822 2985 et
