1932 3115
496 133 542 176 220

148 283 200 330 culo
224 285 297 345 tertio)
326 286 437 332 ferrentur
460 286 574 339 Πιισέσωισς
597 278 703 345 διαιρέσεις
727 287 814 348 spurias
832 304 891 343 esse3

148 372 302 435 Philononus,
327 374 366 434 qui
389 375 491 421 ducentis
510 376 605 438 amplius
618 377 682 422 annis
693 380 745 437 post
756 377 824 432 vixit,
838 376 893 422 dicit

148 460 231 506 librum
258 462 359 507 Platonis
383 463 425 508 hoc
448 463 517 510 titulo
541 481 569 510 ne
593 470 679 510 exstare
705 463 796 525 quidem
802 485 808 521 5
828 464 892 511 ambo

148 549 245 610 denique
261 550 377 612 probabile
395 551 535 609 existimant,
552 552 660 610 διαιρέσεις
672 552 798 598 referendas
808 569 855 598 esse
864 552 893 598 ad

148 637 178 683 τα
195 635 291 697 typam
308 637 423 693 δόγματα,
439 655 496 700 quae
509 639 641 686 Aristoteles
653 639 747 701 (aliusve
756 640 892 700 auditorum]

149 742 161 771 e
184 723 284 771 Platonis
307 725 389 773 scholis
413 728 564 789 excerpsisset.
599 727 711 774 Ultimum
735 728 777 774 hoc
802 734 894 790 apparet

149 814 306 875 econJ'eotnra
323 815 389 876 poni,
413 816 474 862 unde
492 816 548 863 effici
565 821 652 878 potest,
671 817 763 878 opinor,
786 821 893 862 neutrum

148 900 239 947 illorum
253 902 376 960 librorum,
395 920 436 950 nec
451 904 557 962 διαιρέσεις
574 920 648 965 neque
665 905 761 965 ἄγραφα
775 904 891 961 δόγματα,

148 989 193 1034 illis
211 990 327 1051 cognitum
345 991 421 1037 fuisse.
686 973 688 976 Α

181 1076 314 1123 Brundisius
332 1079 362 1139 (p.
376 1080 415 1139 12)
433 1070 538 1140 opinatur
550 1079 694 1126 Aristotelem
707 1085 756 1131 σαῖς
771 1079 892 1138 διαιρέσεσιν

149 1164 275 1226 intelligere
300 1166 384 1212 librum
407 1184 420 1212 a
442 1184 466 1213 se
488 1167 597 1230 scriptum
614 1167 660 1225 περὶ
677 1168 788 1228 calcaturi,
805 1168 830 1213 in
847 1184 892 1227 quo

150 1253 237 1299 scholas
253 1253 355 1300 Platonis
368 1255 507 1317 exposuisset
524 1261 546 1301 et
563 1271 660 1316 quorum
677 1259 764 1317 partem
781 1255 892 1310 efficerent

150 1340 265 1398 διαιρέσεις.
288 1342 317 1388 ld
333 1348 410 1389 tamen
427 1360 454 1389 ex
470 1343 519 1404 ipso
536 1343 605 1389 titulo
622 1360 701 1405 parum
719 1348 752 1396 est
769 1342 892 1405 probabile,

150 1435 173 1475 et
188 1434 303 1490 praeterea
319 1430 401 1477 notitia
417 1430 470 1477 libri
486 1430 532 1488 περὶ
550 1431 647 1486 τάγαθοῦ
666 1414 732 1476 etiam
748 1430 854 1477 incertior
871 1437 893 1477 et

149 1517 265 1565 obscurior
281 1525 316 1565 est
333 1535 400 1580 quam
417 1518 536 1579 διαιρέσεις,
555 1523 581 1565 ut
597 1534 651 1565 mor
667 1500 790 1566 ostendam.

134 1647 136 1650 .
183 1591 308 1653 suckovius
326 1608 418 1654 eandem
434 1607 576 1669 amplectitur
588 1624 656 1668 quam
667 1607 795 1653 Alexander
806 1611 893 1653 senten·

150 1695 218 1751 tiam,
236 1700 337 1741 statuens
354 1702 404 1747 ταῖς
421 1695 542 1754 διαιρέσεσιν
559 1695 717 1756 intelligendas
739 1712 786 1742 esse
795 1695 894 1756 disputa-

149 1781 222 1828 tiones
240 1799 253 1829 a
269 1782 365 1828 Platone
381 1784 405 1829 in
423 1782 505 1829 scholis
522 1783 622 1838 habitas,
635 1798 690 1843 quas
702 1775 835 1828 Aristoteles
846 1782 894 1842 ipse

150 1869 194 1916 sibi
205 1869 287 1916 chartis
300 1869 436 1917 mandasset.
447 1871 465 1931 1)
483 1868 567 1916 Contra
579 1886 647 1930 qnam
664 1868 794 1931 opinionem
810 1869 834 1915 id
845 1875 893 1914 tan-

151 1964 201 2005 tum
218 1958 441 2005 animadvertendum
461 1957 545 2014 habeo,
562 1957 636 2003 verbis
647 1956 743 2015 καθαπερ
769 1957 894 2004 Πλαταιέα

151 2052 200 2098 ταῖς
220 2045 332 2104 διαιρέσεσι
350 2045 467 2093 manifeste
489 2045 609 2108 significari
631 2045 716 2092 librum
732 2044 768 2090 vel
786 2061 895 2091 commen-

151 2135 235 2181 tarium
252 2134 353 2181 Platonis
370 2134 461 2181 nomine
479 2132 577 2190 editum,
596 2133 642 2180 sive
659 2133 686 2180 ab
704 2133 753 2195 ipso
772 2137 829 2179 esset
846 2148 896 2195 pro-

152 2224 224 2270 fectus
241 2224 287 2270 sive
304 2222 332 2269 ab
350 2223 426 2284 aliquo
444 2221 573 2270 auditorum
585 2239 597 2268 e
608 2221 710 2283 magistri
721 2221 803 2268 scholis
816 2220 896 2267 confla-

152 2316 190 2357 tus
195 2330 202 2367 ς
219 2327 266 2357 non
282 2327 334 2357 vero
351 2310 536 2357 commentarium
553 2310 660 2370 aliquem,
679 2325 746 2370 quem
763 2307 895 2354 Aristoteles

154 2417 165 2446 e
182 2398 283 2459 magistri
301 2416 338 2444 ore
356 2403 474 2460 exceptum
489 2414 541 2444 suos
553 2398 577 2443 in
589 2414 645 2443 usus
657 2396 789 2457 scripsisset.
815 2395 866 2441 Hoc
878 2397 898 2441 si

178 2592 195 2636 l)
209 2592 292 2634 Stickow,
306 2591 364 2627 Ueber
375 2591 404 2626 die
416 2590 462 2625 wiss.
475 2602 492 2624 n.
505 2576 571 2625 kunstl.
585 2589 639 2624 Form
652 2589 683 2624 der
695 2588 766 2623 Platon.
774 2587 823 2622 Schr.
840 2587 898 2622 Verba

154 2663 191 2698 eius
203 2666 244 2698 sunt
256 2664 307 2706 haec,
320 2675 338 2709 p.
351 2661 385 2699 at:
398 2661 469 2705 „Daher
482 2660 537 2696 bleibt
550 2672 583 2695 uns
596 2671 630 2695 nur
643 2660 671 2695 die
683 2658 775 2694 Annahme
788 2658 851 2704 iibrig,
860 2657 898 2694 dass

153 2735 258 2771 Aristoteles
274 2735 293 2769 in
303 2734 357 2780 jenen
369 2735 442 2769 Worten
455 2732 487 2767 auf
496 2731 598 2767 miindliche
612 2731 699 2776 Vorarage
712 2728 784 2764 Platons
797 2729 833 2763 und
848 2729 898 2763 dabei

153 2806 232 2853 zugleich
250 2806 282 2841 auf
298 2805 346 2841 scine
365 2807 425 2853 cigene
442 2804 553 2840 schriftlicbe
572 2802 707 2847 Anfzeichnung
724 2800 825 2843 dcrselben,
845 2800 898 2835 deren

153 2877 250 2914 theilweise
269 2877 369 2922 Erhaltung
386 2877 418 2914 wir
442 2877 482 2913 dem
503 2876 592 2922 Diogenes
614 2873 696 2909 Laertius
713 2870 823 2914 vei-danlae,
841 2871 900 2920 hinge-

153 2949 217 2984 wiesen
229 2947 291 2985 habe.’'
