1932 3115
447 134 537 197 ,aa

111 287 241 333 memoratio
264 286 373 332 sermonis
390 291 474 332 secreto
502 286 560 331 inter
578 286 660 331 amicos
680 286 767 333 habiti?
788 286 856 344 erod

112 374 168 419 alter
185 373 226 430 ait,
246 374 310 420 alteri
326 390 408 435 negare
425 373 485 419 licet.
520 372 572 435 lpse
590 373 685 435 scriptor
702 374 745 419 hoc
762 374 857 420 sensisse

69 523 71 525 Ι
111 461 213 518 uidetur,
231 461 294 507 addit
311 462 382 507 enim:
401 462 451 519 πρὸς
469 460 490 507 δὲ
507 460 588 513 τούτοις
605 461 636 507 ἔτι
652 461 797 522 σοφωτέρους
811 461 857 508 rod-

111 567 152 596 των
168 550 197 601 εἰς
214 548 308 607 ἔλεγχον
321 549 398 604 λόγους
416 549 458 603 ἐγὼ
475 548 528 602 δοίην
546 547 583 603 bv,
601 548 669 600 εἴτις
684 549 856 609 ἱκοοοὴτοοφοί-

111 654 164 684 οοιτο
180 638 253 696 aptore>
268 638 298 699 (p.
312 639 358 683 319
376 637 413 698 D).
440 636 526 682 Mirum
543 641 631 692 tamen,
645 636 664 682 si
676 642 808 698 argumenta
819 653 865 682 σοο·
891 625 894 633 ’

112 723 208 782 φέοτεροο
230 724 253 770 in
276 728 368 786 promtu
390 724 483 780 habuit,
509 717 589 785 quidni
608 732 638 783 *ea
658 724 805 785 expromserit
833 724 858 770 in

112 811 216 872 apologia
233 811 323 872 publico
340 811 393 856 usui
410 811 528 856 destinata.

144 898 248 959 Denique
276 904 350 944 totum
375 898 482 963 epistolae
505 903 680 959 argumentum,
706 903 728 944 et
753 898 857 959 Dionysii

112 986 238 1032 criminatio
256 991 278 1032 et
294 986 396 1032 Platonis
413 986 528 1043 defensi0,
547 986 657 1032 eiusmodi
675 990 721 1042 est,
734 986 761 1032 111
771 986 867 1047 115115111-

112 1091 180 1134 quam
196 1074 286 1119 veritati
303 1074 398 1133 similior
415 1075 451 1120 sit.
480 1073 602 1135 Dionysius
619 1073 737 1119 Platonem
755 1078 856 1130 accusat,

112 1161 172 1221 quod
182 1177 239 1221 quae
247 1161 320 1206 tacere
329 1177 352 1206 se
362 1161 416 1206 olim
424 1161 588 1222 prohibuisset,
599 1160 627 1206 ad
638 1160 715 1206 eadem
723 1161 858 1222 perficienda

112 1265 172 1294 nunc
193 1252 270 1293 auctor
290 1247 319 1293 sit
339 1247 422 1304 Dioni,
440 1253 467 1294 ut
481 1264 560 1310 nempe
573 1247 669 1294 Graecas
683 1247 773 1294 Siciliae
783 1248 858 1294 civita-

111 1339 145 1380 tes
163 1352 176 1388 a
192 1326 412 1396 Carthaginiensium
430 1334 584 1381 dominatione
598 1335 705 1381 liberaret
716 1340 738 1381 et
750 1335 859 1396 aequiori·

111 1423 153 1469 bus
170 1423 259 1484 legibus
276 1427 388 1484 regnaret.
422 1421 486 1468 Num
504 1427 579 1468 autem
590 1423 711 1469 verisimile
723 1427 857 1484 tyrannum,

113 1511 152 1572 qui
175 1510 250 1556 omnia
274 1526 315 1556 suo
334 1510 426 1557 arbitrio
438 1510 535 1571 sgerebat
553 1514 575 1556 et
593 1509 723 1572 philosophi
740 1515 859 1572 praecepta

76 1658 78 1660 v
113 1596 287 1659 aspernabatur,
305 1597 374 1643 huius
391 1597 483 1643 monitis
501 1614 514 1642 a
530 1597 661 1658 gravissimo
679 1597 772 1643 consilio
784 1614 859 1644 avoca-

112 1689 162 1731 tum
179 1684 259 1740 fuisse,
278 1688 331 1740 aut,
350 1684 369 1729 si
386 1684 476 1741 fuisset,
494 1684 518 1730 id
534 1684 608 1746 palam
626 1684 653 1730 de
666 1702 689 1731 se
700 1685 785 1730 fassum
797 1685 859 1731 esse?

112 1771 174 1830 Quid
192 1776 268 1817 autem
280 1788 336 1827 eum
353 1770 487 1833 prohibebat
509 1771 533 1817 id
550 1772 638 1833 ipsum,
662 1772 681 1816 si
700 1771 779 1828 151151,
798 1789 859 1817 nunc

112 1859 201 1915 tacere,
226 1875 271 1919 quo
289 1875 343 1904 sane
360 1858 440 1904 Dionis
458 1862 480 1904 ct
496 1858 598 1904 Platonis
616 1858 743 1904 molitiones
760 1876 860 1920 praever-

112 1946 192 1993 tisset?
218 1946 319 2008 Platonis
343 1951 419 1992 autem
441 1946 556 2007 responsio
579 1952 691 2004 nontam
709 1946 808 1993 defensio
826 1952 860 1992 est

100 2051 181 2095 ,quam
200 2034 365 2090 recriminatic,
387 2033 482 2095 indigna
498 2034 559 2090 viro,
578 2034 617 2095 qui
635 2051 688 2080 suae
705 2034 748 2080 sibi
766 2034 858 2080 virtutis

113 2126 135 2168 51
158 2121 275 2183 dignitatis
298 2121 415 2177 conscius,
438 2121 536 2183 improbi
553 2121 650 2167 hominis
668 2122 790 2168 calumnias
809 2139 859 2169 con-

112 2201 212 2256 temnere
231 2209 296 2256 facile
313 2209 396 2272 potuit.
642 2192 644 2194 ³

144 2297 226 2358 Itaque
243 2298 300 2343 mihi
318 2297 407 2343 videtur
423 2314 464 2344 nec
481 2297 605 2359 Dionysius
622 2302 669 2344 tam
682 2297 767 2344 stultus
777 2288 858 2354 tuisse,

111 2391 138 2431 ut
160 2385 250 2431 futilem
273 2385 328 2431 adeo
354 2373 531 2430 criminationem
557 2384 585 2430 de
611 2385 706 2443 Platone
732 2390 858 2447 spargeret,

112 2490 153 2519 nec
175 2472 240 2518 Plato
263 2478 310 2518 tam
331 2473 434 2534 ineptus,
453 2473 493 2533 qui
510 2473 536 2518 ad
555 2473 613 2519 hanc
630 2473 687 2519 serio
704 2473 858 2533 responderet.

111 2560 254 2606 Plutarchus
269 2560 294 2605 in
310 2560 357 2606 vita
373 2560 454 2606 Dionis
471 2561 501 2621 (c.
520 2562 560 2621 ab)
577 2565 667 2617 narrat,
687 2576 758 2620 quum
775 2560 859 2621 Diony-

113 2648 159 2693 sius
181 2647 299 2693 Platonem
322 2647 350 2694 ab
374 2647 455 2693 ultimo
477 2648 558 2694 itinere
575 2648 677 2694 Athenas
694 2664 809 2693 reversum
826 2665 860 2693 ro-

113 2739 199 2796 gasset,
217 2752 245 2781 ne
262 2735 378 2782 invidiosis
396 2736 424 2782 de
442 2753 465 2783 sc
483 2736 624 2783 sermonibus
637 2725 796 2783 existimationi
806 2753 859 2783 suae

114 2821 175 2883 apud
201 2821 297 2868 Graecos
322 2827 425 2880 noceret,
452 2823 513 2869 hunc
537 2823 699 2886 respondisse:¹
716 2826 747 2879 μὴ
764 2823 858 2879 τοοοούτη

113 2909 183 2976 111111
200 2910 222 2956 ἐν
238 2908 362 2972 &tradantur
383 2910 464 2965 γένοιτο
481 2908 571 2965 ardun,
589 2909 643 2959 ὥστε
660 2915 697 2958 σοῦ
714 2928 762 2959 nra
779 2928 859 2968 μοημο-
906 2967 908 2970 y
