1932 3115
423 108 467 154 127

66 266 162 318 cuntur,
188 261 243 322 ipsis
268 260 341 307 verbis
367 276 470 322 expressa
493 275 520 305 ex
541 243 607 322 opere
632 260 660 306 de
676 260 813 323 Republica,
854 289 856 291 ·

66 365 92 394 ea
114 349 231 394 concinere
256 364 308 393 eum
325 347 434 410 temporis
451 346 535 403 indicio
554 364 581 393 eu
597 346 757 394 Ecclesiamrsis
777 365 815 411 pe-

66 435 121 492 tito,
144 441 172 482 ut
193 435 290 481 alterum
312 435 468 481 testimouium
492 435 556 481 alteri
573 435 663 496 pondus
686 434 766 482 addere
784 437 815 481 ri-

67 522 153 568 deatur.
187 521 218 568 Et
239 538 284 583 quo
302 522 376 568 miuus
395 521 499 582 equidem
517 521 605 567 credam
622 522 740 568 Platonem
751 531 813 569 Πολι-

65 611 124 656 rer'av
142 610 258 670 evulgasse
275 616 327 670 post
343 609 427 655 editam
439 608 501 655 illam
514 608 663 666 comoediam,
676 626 722 655 non
733 613 812 671 parum

66 699 125 760 apud
145 715 180 744 me
198 698 258 743 valet
272 699 334 758 quod
349 697 544 759 Morgensteruius
559 697 716 744 animadvertit
733 699 763 760 (p.
783 699 811 745 77

64 787 134 847 not),
152 786 190 832 rix
207 785 313 832 credibile
328 785 371 831 sibi
382 785 454 831 rideri
466 785 555 841 dicem,
568 786 715 847 posteaquam
727 787 813 839 Aristo-

64 872 149 934 phanes
176 873 288 919 civitatem
305 872 389 918 talibus
406 872 496 934 legibus
513 873 538 918 in
561 890 627 920 scena
643 873 738 929 risisset,
760 873 810 919 Pla-

62 965 139 1006 tonem
157 960 272 1007 editurum
288 960 357 1006 tuisse
375 977 445 1023 opus,
465 962 490 1006 iu
507 977 551 1022 quo
564 960 642 1007 eadem
653 977 689 1007 res
701 966 812 1022 tanquam

62 1063 121 1093 nora
138 1048 195 1094 serio
212 1052 353 1094 tractaretur.

96 1134 126 1180 ln
148 1136 190 1182 hoc
213 1136 283 1196 igitur
300 1134 403 1197 Epi-stola
420 1152 499 1181 rerum
515 1135 597 1182 referre
614 1135 716 1193 videtum
735 1136 811 1182 minus

63 1239 114 1268 vero
137 1222 252 1284 probabile
275 1229 321 1279 est,
347 1223 408 1283 quod
424 1223 510 1270 ibidem
528 1229 674 1279 memoratur,
692 1223 810 1269 Platonem

64 1311 144 1368 semel,
165 1312 261 1368 iterum,
280 1312 346 1358 tertio
363 1312 386 1357 in
405 1311 505 1357 Siciliam
522 1312 649 1373 profectum
666 1328 713 1357 esse
725 1328 751 1357 ea
759 1328 809 1373 spe,

60 1399 107 1445 fore
120 1405 145 1445 ut
162 1399 266 1461 Dionysii
281 1416 323 1461 ope
337 1400 450 1445 civitatem
467 1399 629 1460 Syracusanam
641 1400 665 1445 in
676 1400 745 1446 talem
757 1416 811 1461 qua-

59 1486 103 1532 lem
119 1487 144 1532 in
160 1486 200 1532 illo
215 1503 281 1548 opere
298 1486 415 1548 descripsit
428 1487 537 1533 retiariae
549 1487 707 1533 transformare
725 1492 807 1549 posset.

59 1573 109 1619 Etsi
134 1575 193 1622 enim
214 1574 320 1621 credibile
346 1580 379 1621 est
409 1574 528 1622 Platonem
553 1592 599 1621 non
625 1574 753 1636 desperasse
779 1574 808 1620 de

58 1661 202 1708 emendandis
220 1661 362 1718 civitatibus,
381 1679 477 1724 eumque
494 1662 614 1709 itineribus
632 1663 656 1708 iu
671 1661 771 1708 Siciliam
782 1662 807 1707 id

57 1750 133 1810 ipsum
155 1755 276 1812 spectasse,
303 1736 328 1796 ut
348 1750 464 1796 meliorem
486 1750 590 1796 redderet
606 1750 767 1812 Syracusarum
785 1755 807 1795 et

55 1836 144 1884 Siciliae
161 1837 323 1894 conditionem,
341 1855 388 1884 non
404 1844 480 1885 tamea
496 1845 544 1884 tam
554 1855 629 1885 rerum
638 1837 805 1899 hominumque

58 1926 148 1987 ignarus
158 1909 219 1983 ’ΐῃίὴ
238 1931 264 1972 ut
281 1927 401 1988 perfectam
417 1926 480 1972 illam
498 1943 566 1988 quam
576 1931 651 1973 mente
663 1926 807 1988 informasset

57 2014 152 2060 civitatis
166 2014 287 2075 imaginem
298 2031 375 2076 reapse
388 2014 487 2061 effectam
500 2014 565 2077 reddi
575 2031 641 2076 posse
653 2019 758 2075 putaret,
768 2020 807 2059 aut

55 2101 189 2163 Dionysium
212 2101 280 2148 talem
303 2118 379 2163 regem
402 2102 449 2148 lore
472 2103 609 2158 confideret,
628 2102 696 2148 cuius
712 2102 807 2164 imperio

55 2188 143 2245 dilatrare
166 2194 189 2236 et
205 2191 326 2250 praecepta
342 2191 445 2237 velutin
464 2208 536 2237 unum
556 2192 679 2245 conflatae,
700 2196 727 2237 ut
738 2190 806 2245 dicit,

55 2278 152 2339 optimae
169 2277 265 2323 civitatis
283 2277 379 2340 effigiem
396 2278 424 2325 ob
443 2279 520 2326 oeulos
537 2283 653 2340 ponerent.
669 2278 684 2340 Ι)

80 2480 97 2524 1)
111 2478 213 2515 tetartaeo
227 2479 245 2514 iu
258 2480 353 2526 Republica
367 2492 403 2515 nou
416 2481 470 2516 semel
483 2480 546 2515 asserit
559 2492 577 2515 se
593 2479 638 2514 baud
653 2480 729 2517 ἀδύνατα
739 2479 806 2525 fingere

54 2562 75 2615 (e.
88 2562 105 2596 g.
119 2551 154 2592 vl,
167 2550 203 2585 499
216 2550 244 2585 D:
263 2549 296 2587 οὐδ’
311 2554 361 2598 ἡμεῖς
372 2551 447 2588 attam
459 2553 540 2598 λέγομεν,
556 2554 624 2599 χαλεπὰ
637 2552 655 2586 δὲ
672 2553 700 2588 καὶ
713 2548 755 2600 παρ’
766 2553 807 2599 ἡμῖν

55 2624 167 2668 ὁμολογεῖται,
187 2621 214 2656 Of.
235 2622 259 2662 V,
271 2622 308 2656 456
328 2622 368 2667 d),
386 2622 444 2668 potius
463 2625 522 2657 tamen
541 2622 638 2657 civitatem
649 2620 699 2656 illam
711 2622 805 2667 proposuit

54 2695 138 2737 tanquam
149 2693 271 2742 παράδειγμα,
288 2692 310 2728 ad
322 2692 368 2739 quod
381 2692 463 2727 accedere
475 2693 599 2739 aliqirantenus
613 2692 671 2727 liceat.
683 2692 711 2727 De
724 2692 768 2738 Repr
780 2693 804 2741 r,

53 2773 71 2807 p.
84 2761 120 2799 472
133 2761 160 2796 D:
173 2765 191 2799 τί
203 2760 238 2803 oiim
254 2765 271 2800 od
283 2765 311 2800 καὶ
323 2766 381 2810 ἡμεῖς,
395 2768 460 2813 φαμέν,
481 2763 593 2813 παράδειγμα
605 2765 693 2817 {uetabas-r
705 2764 748 2810 λόγῳ
760 2767 806 2808 ἀγα-

54 2834 82 2874 θῆς
100 2834 171 2874 πόλεως;
183 2837 229 2869 Πάνυ
240 2847 265 2879 ys.
288 2830 350 2871 ’urea
361 2849 378 2870 τι
390 2833 418 2869 οὖν
429 2836 459 2870 οἴει
472 2837 518 2881 ἡμᾶς
531 2832 550 2870 εὖ
563 2834 615 2877 λέγειν
627 2834 690 2870 τούτου
704 2835 762 2874 ἕνεκα,
778 2836 806 2869 ἐὰν

54 2907 79 2947 μὴ
94 2900 161 2951 ἔχωμεν
170 2904 269 2950 ἀποδεῖξαι,
286 2908 308 2945 ὼς
320 2904 387 2941 δυνατὸν
399 2904 441 2941 οὕτω
454 2905 499 2940 πόλιν
511 2906 611 2945 arrasam
624 2905 699 2950 tle'yar03
714 2906 737 2939 Οὐ
749 2904 804 2947 δῆτα,
