1932 3115
411 667 556 736 elrur
582 668 630 735 u.

177 911 205 941 un
222 909 392 951 nrrsromuuu,
409 909 537 940 ruincrrun
554 901 601 940 111ae
618 898 640 940 et
656 900 715 949 unte,
738 907 868 938 rnorosmo.

322 998 353 1029 on
369 998 480 1030 rannerus
497 997 720 1030 orrurcrnroumus.

182 1404 258 1489 ‘Supra
278 1428 325 1489 jam
346 1427 557 1484 animadvertimus,
581 1427 643 1488 quod
665 1426 777 1473 neminem
799 1425 896 1487 quibas

153 1514 256 1576 epistolas
274 1519 359 1561 attento
377 1515 451 1561 auimo
467 1515 587 1577 perlegerit
609 1514 686 1576 fugere
710 1519 796 1576 potest,
819 1530 895 1559 earum

152 1602 281 1664 plerasque,
299 1603 418 1664 praecipue
434 1619 486 1649 vero
504 1602 576 1649 VII²¹¹¹¹
593 1607 615 1648 et
626 1602 700 1659 illam,
719 1602 833 1648 continere
849 1601 896 1647 lau-

152 1690 266 1736 dationem
282 1690 384 1736 Platonis
400 1691 436 1736 vel
451 1690 533 1752 potius
547 1690 709 1747 defensionem,
728 1706 773 1751 qua
788 1694 838 1735 tum
853 1689 896 1734 alia

152 1783 200 1824 tum
215 1779 312 1825 manime
332 1779 380 1825 eius
399 1778 481 1824 itinera
500 1777 620 1840 Syracusas
641 1782 745 1840 suscepta
757 1782 780 1824 et
792 1793 904 1826 commer.

153 1866 213 1912 cium
237 1867 298 1927 quod
321 1867 342 1912 ei
364 1883 416 1912 cum
438 1866 509 1930 altero
532 1866 641 1928 Dionysio
661 1866 706 1912 fuit
724 1866 751 1912 ab
768 1865 896 1911 invidorum

152 1954 363 2016 reprehensionibus
386 1954 536 2000 vindicamur.
572 1953 658 2016 Operae
681 1954 778 2015 pretium
795 1957 851 2015 puto
874 1952 898 1998 id

153 2042 278 2087 accuratius
296 2041 412 2087 ostendere
430 2046 452 2087 et
469 2041 537 2088 simul
547 2041 657 2098 indicare,
671 2040 798 2088 cuiusmodi
810 2045 832 2087 et
844 2057 898 2101 quo-

151 2146 255 2176 rumnam
266 2129 349 2176 fuerint
360 2130 416 2175 istae
427 2130 611 2192 vituperationes,
621 2147 678 2191 quae
687 2129 817 2176 scribendae
826 2129 896 2174 huius

154 2217 270 2279 apologiae
287 2234 364 2287 ansam
382 2217 492 2264 dederint.

186 2304 215 2350 Iu
226 2305 317 2351 exordio
326 2305 442 2366 Epistolac
450 2304 498 2351 VII
506 2305 572 2351 Plato
579 2310 737 2352 commemorat
743 2321 833 2351 causam
839 2321 899 2350 cura

153 2392 269 2453 republica
286 2392 427 2439 abstinuerit.
460 2392 524 2439 Dicit
540 2392 564 2439 id
582 2410 604 2439 se
621 2393 699 2439 fecisse
710 2409 757 2439 nou
769 2409 810 2438 sua
821 2392 898 2437 volun-

153 2484 212 2535 tate,
231 2480 270 2526 sed
287 2479 385 2526 adversis
402 2480 541 2542 temporibus
559 2485 582 2526 et
596 2480 707 2542 corruptis
724 2479 820 2526 civitatis
832 2479 898 2544 mori·

154 2566 196 2613 bus
219 2572 329 2615 coactum.
362 2567 417 2620 Νέας
441 2567 479 2625 ὢν,
497 2567 585 2629 inquit,
603 2568 679 2628 ᾠήθην,
701 2568 718 2614 εἰ
738 2567 897 2621 tarracinae-

153 2659 190 2702 τοῦ
213 2656 312 2712 γενοίμην
334 2655 416 2714 κύριος,
441 2656 476 2702 ἐπὶ
496 2656 526 2703 rol
541 2656 599 2702 κοινοὶ
615 2661 653 2710 τῆς
671 2655 753 2706 πόλεως
770 2654 829 2706 εὐθὺς
846 2654 897 2700 ἰέναι

154 2744 185 2804 (p.
209 2743 257 2788 324
279 2742 319 2805 Β);
343 2742 382 2789 sed
400 2742 427 2789 ab
445 2742 488 2788 hoc
505 2743 621 2803 proposito
640 2759 690 2788 sum
707 2741 826 2788 deterritus
840 2742 897 2788 inse-

154 2834 207 2877 cuta
223 2829 291 2875 XXX
307 2830 406 2876 virorum
424 2829 583 2876 dominatione.
618 2829 661 2875 His
679 2828 778 2890 expulsis
790 2828 850 2875 idem
860 2845 897 2875 me

155 2917 257 2964 studium
275 2918 356 2964 traxit:
376 2918 503 2977 βραδύτερον
520 2918 572 2974 μὲν,
590 2913 647 2964 εἷλκε
664 2916 686 2963 δέ
700 2935 729 2974 με
746 2916 802 2974 ὅμως
820 2920 832 2973 ἡ
850 2916 896 2974 περὶ
