1932 3115
418 107 463 151 lei
501 113 502 116 ’

68 261 154 305 Auctor
178 259 232 305 facti
250 275 297 305 esse
315 258 437 321 putabatur
454 258 595 315 Heraclides,
613 258 693 305 Diouis
711 259 809 314 amicus,

68 363 134 409 quem
151 347 202 393 ideo
219 346 379 408 comprehendi
394 346 516 408 Dionysius
531 347 600 409 jussit
605 365 612 402 3
629 346 668 392 ille
686 346 774 407 aufugit
785 347 810 392 iu

67 434 194 481 Poenorum
216 434 337 490 ditionem,
361 434 421 481 unde
444 433 577 481 Corinthum
601 434 714 495 pervenit,
739 434 808 480 atah

66 523 178 569 historicis
195 522 305 569 traditum
322 527 362 568 est.
378 524 393 583 l)
428 522 488 568 Hinc
503 522 653 584 expostulatio
666 519 725 568 inter
735 522 809 568 Plato·

67 627 117 656 nem
142 611 236 671 eiusque
260 611 355 667 amicos,
379 609 517 656 Theodotem
542 615 564 656 et
586 609 724 671 Eurybium,
742 615 809 671 atque

68 697 214 759 Dionysium,
238 715 250 743 e
273 714 318 759 (pua
339 698 412 758 gravis
430 698 502 743 oritur
519 696 725 743 discordia:,Plat0
743 696 809 742 domo

67 786 128 846 regia
151 785 254 831 exclusus
276 786 301 832 iu
322 786 381 831 vitae
398 785 518 830 discrimen
535 785 607 840 vonit,
626 784 664 830 sed
681 784 809 830 interventu

12 916 14 919 .
68 874 180 934 Archytae
197 879 219 919 et
236 873 408 920 Tarentinorum
427 889 439 918 a
455 872 565 934 Dionysio
583 873 664 918 viatico
681 871 777 918 donatus
787 878 810 918 et

67 960 172 1007 dimissus
190 966 223 1007 est
240 963 269 1022 (p.
288 962 416 1007 atax-350
434 960 470 1022 B).
483 961 500 1022 9)

100 1047 158 1094 Cum
180 1049 222 1094 hac
244 1047 352 1094 relatione
370 1048 507 1094 conveniunt
524 1063 581 1108 [luae
599 1047 626 1110 de
644 1048 720 1094 eadem
736 1065 760 1093 re
777 1064 810 1093 re-

67 1133 109 1179 iert
126 1133 273 1190 Plutarchus,
292 1135 356 1179 cuius
376 1134 475 1179 narratio
492 1133 589 1179 maxima
605 1151 645 1195 pro
657 1140 720 1195 parte
732 1134 809 1180 eahae

68 1222 161 1283 epistola
184 1222 317 1268 concinnata
342 1226 387 1276 est,
406 1220 516 1282 adspersis
533 1221 656 1266 lristoriolis
674 1221 809 1282 quibusdam

67 1309 94 1355 de
111 1309 239 1371 Aristippo,
257 1309 365 1365 Philisto,
385 1308 494 1354 Helieone
517 1311 545 1370 (c.
565 1310 681 1370 18-20),
701 1309 808 1370 qrrasfor-

30 1448 32 1451 .
67 1398 126 1443 sitan
149 1414 161 1442 a
183 1390 327 1458 Theopompo
354 1396 484 1458 depromsit.
518 1395 546 1442 ln
569 1396 612 1441 hoc
630 1402 706 1443 alitem
722 1396 810 1443 Plutar-

67 1485 122 1532 chus
146 1485 173 1532 ah
197 1485 292 1546 epistola
313 1483 409 1540 recedit,
434 1483 495 1545 quod
518 1484 573 1529 dicit
593 1486 639 1546 jam
663 1491 714 1530 aute
736 1484 809 1530 Plato-

67 1574 103 1619 nis
121 1573 242 1620 adrentum
258 1573 394 1634 Dionysium
411 1589 458 1619 nou
475 1573 560 1619 misisse
582 1572 652 1619 Dioni
668 1572 810 1635 praediorum

66 1660 165 1717 reditus3
182 1661 206 1706 in
224 1677 268 1721 quo
286 1677 338 1706 eum
355 1660 473 1722 deceptum
485 1677 532 1706 esse
544 1659 646 1706 arbitror.
668 1659 809 1722 Nomasque

67 1749 95 1793 ad
120 1748 222 1794 Platonis
245 1748 366 1794 adventum
387 1742 497 1810 'tyrannus
520 1764 606 1810 sempor
628 1748 762 1795 berrerolum
785 1765 808 1795 se

8 1848 12 1855 ³
66 1852 118 1896 erga
134 1835 230 1882 Dionem
247 1835 367 1882 simulavit.
688 1868 696 1887 4

99 1923 133 1969 De
150 1923 207 1968 lihro
224 1939 291 1984 quern
302 1923 424 1984 Dionysius
436 1922 464 1968 de
476 1922 619 1984 philosophia
631 1924 744 1985 scripserit
755 1925 807 1971 alibi

65 2011 149 2056 mentio
161 2027 212 2075 *nou
228 2010 265 2067 fii,
278 2015 354 2056 tamen
364 2011 506 2071 ingeniosum
519 2027 570 2056 eum
582 2016 604 2055 et
612 2010 728 2057 literatum
736 2011 806 2058 ‘fuisse

65 2098 114 2164 ipsa
135 2098 190 2144 haec
214 2084 307 2160 epistola
329 2099 413 2145 latetur
436 2100 481 2160 (pp.
506 2100 553 2144 338
571 2105 594 2145 et
611 2099 671 2155 339,
688 2099 729 2161 Ε),
749 2100 809 2146 uude

65 2203 112 2231 nou
128 2186 210 2232 mirum
228 2187 247 2232 si
263 2187 305 2232 hac
323 2203 412 2248 (praeque
428 2187 452 2233 in
463 2205 487 2233 re
498 2188 569 2249 patris
581 2188 708 2249 exemplum
717 2186 808 2235 secutus

66 2279 112 2330 est,
132 2290 199 2335 quem
217 2274 342 2336 tragoedias
356 2275 507 2336 composuisse
518 2275 651 2337 accepimus.
670 2275 730 2337 (Vid.
740 2293 808 2338 supra

65 2378 87 2423 p.
107 2363 152 2407 '133
170 2363 233 2424 not).
268 2361 341 2423 Magis
359 2362 440 2408 miratu
458 2361 564 2424 dignum,
584 2363 644 2423 quod
661 2363 772 2424 Archytas
784 2371 807 2419 et

89 2554 107 2600 l)
120 2554 189 2600 Nepos,
203 2554 256 2589 Dion.
269 2554 286 2589 5.
304 2553 353 2588 rtur.
365 2552 419 2589 Dion.
433 2552 461 2588 32.
475 2553 497 2590 of.
511 2553 583 2589 Diodor.
596 2553 648 2595 XVI,
662 2554 678 2589 6.

89 2626 107 2670 2)
120 2625 172 2661 Teste
185 2625 264 2668 Laertio,
278 2625 318 2666 lli,
335 2624 368 2666 al,
382 2627 419 2661 ἔνιοί
434 2625 633 2674 querimoniarum
648 2625 808 2670 αὐτὸν(Ρ1τιῒοῐιεῐν)

4 2728 6 2730 .
65 2698 86 2737 ὡς
104 2698 213 2732 ἀναπείθοντα
231 2697 282 2732 diora
300 2698 328 2732 καὶ
346 2696 427 2732 Θεοδόταν
448 2697 475 2731 ἐπὶ
491 2701 513 2746 τῇ
525 2702 556 2738 τῆς
568 2701 615 2737 νήσου
627 2699 723 2747 ἐλευθερίῳ
736 2700 765 2734 ὅτε
778 2700 806 2734 καὶ

64 2763 150 2815 'Apprime
168 2768 216 2802 αὐτὸν
234 2766 242 2802 ὁ
261 2768 384 2816 Πυθαγορικὸς,
402 2769 468 2816 γράψας
478 2767 567 2807 ἐπιστολὴν
578 2769 620 2816 πρὸς
631 2768 719 2813 Διονύσιον,
733 2776 808 2819 suppra·

66 2852 108 2873 σατν
121 2840 149 2874 καὶ
161 2838 236 2874 διέσωσεν
248 2840 271 2879 εὶς
282 2835 354 2880 Ἀθήνας.
379 2837 426 2872 Haec
439 2840 498 2872 autem
511 2849 555 2878 non,
572 2840 591 2872 ut
599 2837 628 2872 ille
637 2838 730 2879 nm·rat,in
739 2840 806 2881 aliea,

66 2909 126 2943 sedin
139 2908 191 2944 tertia
204 2909 312 2956 profectione
325 2909 421 2944 obtinuisse
435 2909 516 2944 vidimus.
