1932 3115
491 128 536 172 202

144 279 171 323 A.
190 278 254 326 Idem
265 297 326 326 nunc
343 286 450 341 tanquam
467 282 706 344 totius‘disputationis
719 284 884 330 conclusionem

143 365 225 412 diserte
242 368 365 429 eloquitur:
384 368 555 430 „Quicumque7
574 369 638 426 dicit,
658 371 790 431 sapientiam
804 376 886 417 utrem

143 455 223 501 seriam
249 457 305 502 serio
330 461 425 513 tractet,
453 458 498 502 sire
523 457 638 519 legislator
663 458 709 504 sive
735 458 792 504 alius
818 458 883 519 quis,

143 542 242 590 multum
267 544 337 591 aberit
359 549 386 591 nt
406 545 503 607 cogitata
521 562 623 607 unquam
643 546 725 608 scripto
750 545 841 608 evulget
863 550 886 592 et

144 630 295 678 multitudinis
312 632 409 679 invidiae
427 638 448 679 et
466 633 602 680 cavillationi
618 634 731 695 projiciat:
756 634 785 680 aa
800 635 824 687 δὴ
839 635 884 685 πᾶς

115 762 118 766 ,
144 719 194 775 ἀνὴρ
217 719 327 773 σπουδαῖος
350 726 390 767 πῶν
414 720 476 767 ὄντων
499 721 616 767 σπουδαίαν
638 721 683 779 πέρι
702 726 781 768 πολλοῦ
804 721 837 766 δεῖ
854 710 884 777 μὴ

144 805 234 864 νρνῖψας
254 810 301 853 ποτ’
318 808 339 853 ἐν
355 808 466 865 ἀνθρώποις
484 811 512 861 εἰς
530 808 603 867 φθάννν
621 808 656 855 ναὶ
674 809 763 867 capta
781 808 884 863 καταβα-

75 910 78 915 ⁴
144 898 189 948 αεῑς
213 893 236 938 id
259 895 298 955 qui
314 894 367 940 facit
384 911 409 941 eo
426 896 475 957 ipso
493 895 591 942 ostendit
608 901 647 941 aut
663 895 819 958 philosophiae
836 894 883 956 dig-

145 980 238 1028 nitatem
255 982 298 1050 sihi
316 1000 363 1029 non
374 1001 422 1030 esse
433 1001 498 1031 curae
516 989 555 1031 aut
567 1001 658 1030 caecum
669 1001 692 1030 se
704 1000 751 1030 esse
763 989 785 1030 et
797 983 885 1029 demen-

143 1069 212 1115 tem.”
229 1069 340 1133 Deinceps
358 1071 386 1117 ad
402 1071 535 1134 Dionysium
549 1077 661 1118 revertens
679 1072 733 1118 haec
749 1070 825 1117 addit:
844 1071 885 1128 „Si

145 1161 184 1203 aut
200 1158 248 1218 ipse
265 1163 304 1204 aut
321 1159 378 1205 alius
395 1160 506 1221 quispiam
517 1159 545 1206 de
556 1160 649 1211 summis
661 1158 883 1221 naturae-principiis

146 1247 194 1306 (τῶν
211 1246 257 1304 περὶ
274 1247 359 1307 φύσεως
377 1248 444 1307 dapar
461 1247 497 1295 καὶ
514 1248 607 1309 apulam)
622 1246 709 1308 aliquid
720 1247 829 1308 scriptum
841 1245 885 1292 edi-

146 1333 190 1389 dit,
208 1333 310 1403 ostendit
323 1352 346 1381 se
357 1336 412 1382 οὐδὲν
422 1336 478 1391 ὑγιὲς
491 1352 579 1397 sapere,
591 1351 664 1396 neque
676 1334 743 1380 aliam
755 1334 783 1381 ob
795 1350 885 1380 causam

145 1421 170 1468 id
186 1422 264 1469 fecisse
281 1406 396 1484 putandus
408 1428 441 1470 est
457 1413 502 1469 nisi
515 1423 544 1470 ob
556 1423 713 1469 ambitionem:
728 1439 781 1468 nam
793 1423 884 1476 ὑπνμννν-

146 1509 221 1567 aaran
238 1512 302 1569 χαρνν
319 1511 373 1573 (dici
389 1512 489 1574 oportuit
503 1512 638 1567 ὑπομνήσεως
653 1511 724 1572 χάριν)
736 1527 783 1556 non
797 1526 887 1556 necesse

137 1605 193 1648 erat
214 1600 294 1656 facere,
317 1600 428 1661 siquidem
448 1600 487 1646 illa
509 1599 586 1661 paucis
608 1599 719 1661 capitibus
740 1585 886 1645 continentur

146 1688 174 1748 (ἐν
196 1688 345 1747 βραχνπαπας
367 1690 458 1749 κεῖναι),
481 1704 538 1749 quae
556 1688 623 1734 semel
640 1692 745 1750 percepta
761 1702 885 1747 numquam

147 1792 158 1821 e
175 1776 281 1822 memoria
299 1775 425 1823 excidant.”

178 1864 225 1924 Qui
233 1852 415 1921 Platonemtalia
426 1864 598 1926 praecipientem
608 1863 671 1920 lacit7
686 1879 738 1909 eum
747 1863 886 1909 existimasse

146 1957 247 2014 oportet5
269 1951 386 1998 Platonem
407 1953 483 2014 ipsum
505 1950 629 1997 doctrinam
649 1967 713 1997 suam
736 1966 777 1996 nec
802 1949 886 2012 scripto
909 2012 914 2018 -

145 2040 263 2087 mandasse
279 2056 352 2101 neque
370 2040 497 2101 evulgasse3
515 2040 592 2100 itaque
607 2038 708 2101 dialogos
721 2039 768 2085 eius
781 2054 828 2083 esse
839 2043 888 2083 tan-

93 2172 95 2176 .
146 2135 195 2175 tum
210 2145 321 2175 sermones
333 2146 345 2175 e
356 2128 453 2174 Socratis
465 2127 596 2190 disputandi
612 2144 674 2174 more
692 2142 817 2189 expressos,
830 2141 886 2187 opus

146 2216 265 2273 ludicrum,
277 2233 323 2262 non
332 2217 454 2272 accolatum
473 2216 544 2277 ipsius
552 2232 603 2262 vero
613 2215 723 2277 principia
731 2213 887 2276 philosophiae

146 2321 187 2351 uec
204 2305 273 2351 literis
291 2304 318 2351 ab
337 2321 362 2350 eo
380 2304 510 2365 consignata
527 2320 574 2350 esse
591 2319 664 2365 neque
680 2303 704 2349 in
720 2302 803 2364 vulgus
816 2301 887 2357 elata,

147 2393 186 2439 sed
207 2393 231 2439 in
254 2393 388 2439 Academiae
409 2392 487 2439 umbra
502 2409 554 2438 cum
571 2391 687 2453 discipulis
704 2396 794 2437 tantum
816 2394 838 2436 et
858 2390 888 2435 f-

147 2481 272 2528 miliarihus
293 2480 421 2527 disserendo
439 2480 549 2542 explicata
570 2496 607 2536 ac,
632 2480 651 2525 si
667 2480 738 2535 forte,
756 2479 781 2524 iu
798 2478 889 2531 ὑπομνή-

148 2589 212 2626 μαπα
227 2570 297 2616 relata
314 2586 368 2616 esse.
392 2570 468 2629 Atque
483 2567 542 2614 hauc
558 2567 628 2612 luisse
646 2564 822 2627 epistolographi
842 2580 889 2610 sen-

148 2659 254 2716 tentiam,
273 2658 341 2704 multi
359 2657 404 2704 loci
421 2655 552 2702 ostendunt.

181 2746 210 2793 ln
226 2746 328 2808 Epistola
344 2745 418 2802 XHL
435 2762 458 2807 p.
477 2746 523 2790 363
542 2744 573 2800 h,
591 2746 724 2805 personatus
741 2739 889 2786 Plato-dialo-

149 2852 189 2897 gos
204 2852 255 2881 suos
271 2833 422 2894 (Phaedonem
437 2832 571 2894 significans)
587 2828 685 2891 appellat
699 2828 842 2886 Σωαραπείννς
856 2825 889 2874 ro‘-

148 2943 211 2985 νννς,
235 2924 257 2969 h.
276 2940 294 2969 c.
319 2938 430 2968 sermones
452 2922 477 2967 in
500 2920 582 2982 quibus
605 2917 702 2965 Socratis
724 2917 781 2962 ratio
799 2922 821 2962 et
839 2933 888 2962 seu-
