1932 3115
504 114 551 158 224

151 266 217 313 detur
233 265 271 332 ¹de
293 267 336 313 hoe
360 266 491 313 Aristoxeni
513 266 748 327 testimoniumj'qui
770 267 794 313 in
817 266 895 314 Harm.

150 353 261 401 Element.
285 354 301 401 l.
324 353 351 401 II
366 354 418 402 init.
429 355 447 417 1)
465 353 520 402 haec
537 355 616 401 refert:
634 354 735 416 Κοοθοθπερ
748 355 896 414 Ἀριστοτέλης

150 443 184 491 οἷοὶ
203 443 296 499 διηγεῖτο
318 443 367 496 τοὺς
388 443 505 497 πλείστους
522 448 563 491 τῶν
579 441 714 490 οὶκσνσοθντων
728 443 789 501 ποοροὶ
804 443 897 491 natea-

151 549 183 583 νος
200 532 239 586 τὴν
257 531 313 590 περὶ
331 532 450 591 τοθγοοθοῦ
468 530 570 589 οθκρθοοσνν
587 532 674 577 ποθεῖν·
692 530 896 589 προσοένωνροὲννοὶρ

151 616 241 666 tuaeve
259 617 445 676 ὑπολωροβθνοντοο
458 618 567 676 λήψεσθοοθ
579 636 600 665 τν
613 622 654 665 τῶν
667 617 804 677 νομιζομένων
818 619 897 666 τούτων

151 706 280 765 ἀνθρωπίνων
305 706 458 763 οὶνοοθῶν...,
487 704 522 754 dre
544 706 566 752 δὲ
589 707 710 766 φονεθνρσοον
732 707 749 753 οἱ
771 707 831 763 λθνοι
851 706 896 765 περ

151 794 286 851 ροοοθνρροοθτων
311 794 346 841 uui
370 795 466 858 οὶροθροων-
483 794 519 840 ποσὶ
542 794 675 853 νεωμοτρθως
697 795 734 841 eet
755 793 898 851 σὶστρολογθοος

152 883 187 929 νοω
205 882 229 929 τὸ
246 882 312 941 πέροος
330 881 361 929 θτο
377 881 477 938 τνῖγοοθθν
494 884 551 929 ἐστιν
568 878 602 942 ἓν,
617 871 897 940 ποντολῶςοῖροοοιποοροθδη-

152 969 187 1026 ἔον
202 970 302 1029 ἐφονθνετο
311 972 391 1022 adroic.
409 969 567 1027 „Aristoteles
578 969 640 1027 dicit,
649 987 740 1017 νοοννοοε
748 971 827 1017 colebat
835 970 898 1031 (haee

155 1062 189 1104 est
206 1058 239 1103 ris
256 1058 381 1120 imperfecti
392 1058 505 1119 διηγεῖτο),
517 1057 630 1120 plerisque
642 1074 719 1104 eorum
731 1058 771 1119 qui
779 1057 897 1104 Platonem

154 1145 259 1192 audirent
275 1148 300 1192 de
318 1147 369 1192 bono
384 1146 529 1203 disserentem
550 1144 592 1191 boc
616 1145 733 1191 accidisse:
748 1145 899 1207 opinabantur

152 1250 176 1280 sc
193 1233 310 1280 audituros
328 1233 439 1287 dicentem
457 1233 485 1279 de
502 1233 530 1280 iis
549 1249 606 1295 quae
623 1233 691 1295 vulgo
708 1233 766 1280 bona
785 1232 812 1279 ab
826 1232 898 1280 borni-
963 1249 964 1252 ¹

152 1320 219 1369 nibus
237 1326 360 1383 putantur,
379 1321 418 1368 sed
436 1337 507 1382 quum
524 1321 552 1368 de
569 1321 733 1368 mathematicis
751 1326 773 1367 et
791 1320 818 1367 de
830 1325 899 1367 astro·
919 1323 923 1330 ’

152 1410 228 1457 nomia
245 1415 268 1455 et
285 1409 312 1456 de
329 1425 375 1456 uno
392 1409 522 1456 ratiocinari
538 1409 659 1472 inciperet,
673 1409 809 1471 exspectatio
822 1412 898 1455 eorum

152 1498 245 1545 mirifice
261 1498 369 1544 frustrata
386 1497 444 1544 est.'¹
461 1498 611 1543 Aristoxenus
623 1498 716 1544 hicnon
729 1498 838 1559 scriptum
850 1497 900 1543 Ari·

153 1585 239 1631 stotelis
257 1585 341 1632 librum
360 1602 371 1631 e
390 1585 492 1631 Platonis
504 1584 586 1631 scholis
599 1585 697 1632 debono
710 1584 848 1642 derivatum,
861 1584 899 1630 sed

152 1679 242 1720 tantum
254 1690 366 1720 sermones
382 1674 430 1720 eius
446 1673 488 1718 hac
500 1672 561 1719 dere
570 1672 644 1719 refert.
662 1672 744 1733 Itaque
753 1673 813 1718 hunc
824 1672 899 1718 locum

153 1762 172 1808 si
190 1778 241 1808 cum
258 1761 370 1823 prioribus
389 1777 556 1824 comparamus,
574 1760 690 1823 probabile
706 1760 732 1807 fit
746 1760 864 1807 Platonem
875 1761 899 1806 in

153 1848 294 1896 sermonibus
316 1849 362 1907 περὶ
385 1850 483 1905 τοίνοοθοῦ
506 1849 573 1895 etiam
592 1849 750 1895 mathematica
774 1853 796 1894 et
816 1848 898 1910 Pytha-

154 1936 228 1998 gorica
251 1937 352 1998 tetigisse
375 1947 443 1997 atque
466 1937 518 1983 inde
535 1936 626 1983 fluxisse
644 1935 814 1983 commentarios
833 1951 898 1997 quos-

154 2024 205 2070 dam
226 2025 366 2071 continentes
389 2024 535 2083 Πνθοονθρενοο,
554 2025 652 2092 quaein
672 2018 899 2087 llpistola'tanquam

101 2118 103 2120 ’
153 2112 255 2159 Platonis
273 2113 425 2170 ὑπομνθροοοτω
438 2118 597 2159 memorantur.

187 2200 222 2247 Ex
244 2201 271 2247 iis
297 2218 354 2263 quae
379 2202 472 2263 exposui
488 2200 531 2248 hoe
549 2200 652 2248 efficitur.
679 2201 808 2247 Aristotelis
827 2207 899 2247 aetate

155 2295 177 2335 et
205 2289 306 2351 proximo
330 2289 435 2351 deinceps
460 2295 561 2352 tempore
587 2289 706 2336 doctorum
731 2288 836 2336 manibus
862 2290 900 2335 tri-

155 2384 204 2424 tum
228 2378 298 2425 luisse
318 2378 504 2424 commentarium
523 2378 625 2425 Platonis
642 2378 733 2424 nornine
753 2377 899 2438 insignitum,

155 2467 192 2512 cui
215 2466 297 2513 titulus
321 2471 379 2513 esset
402 2465 498 2524 θγρωφοο
522 2466 639 2524 δθνροοοτοος
658 2465 741 2522 alium,
759 2464 840 2527 prioris
857 2465 900 2511 for-

155 2559 214 2600 tasse
230 2560 330 2615 partem,
354 2554 489 2616 inscriptum
511 2554 630 2611 διοινρέσενς;
647 2554 742 2599 tortasse
759 2537 827 2598 etiam
844 2552 899 2598 alios

154 2642 200 2700 περὶ
218 2643 329 2698 τοίνωθοῦ,
353 2644 399 2702 περὶ
417 2642 563 2702 diaeretica,
581 2643 627 2701 περὶ
645 2640 791 2699 Πνθοονορείων
807 2641 900 2702 inscrip-

158 2778 300 2785 ἡ

182 2858 199 2901 l)
213 2857 279 2892 Locum
292 2857 335 2892 citat
348 2856 468 2898 Scaurinum,
482 2854 503 2890 de
515 2856 554 2891 Deo
567 2854 637 2890 Platon.
650 2866 667 2900 p.
681 2854 721 2889 2ομ
730 2853 822 2889 Invenitur
831 2853 848 2889 io
858 2853 902 2889 Mei-

157 2928 211 2963 bomii
228 2927 287 2974 llntiq.
301 2927 363 2963 music.
376 2931 423 2963 anot.
436 2929 512 2972 septem,
525 2927 544 2969 Ι,
557 2938 575 2972 p.
588 2926 617 2963 30.
