1932 3115
443 146 446 149 Δ
500 109 546 152 222

147 260 174 307 ab
192 260 313 306 Aristotele
330 265 483 306 memorantur
499 262 523 308 αἱ
540 262 695 319 γεγραμμέναι
709 260 828 320 διαιρέσεις,
839 261 861 308 h.
871 278 890 307 e.

91 385 93 387 v
145 348 277 410 partitiones
306 348 453 395 animantium
481 348 505 395 in
533 349 659 410 aquaticas
678 349 805 405 terrestria,
832 349 892 395 atria
920 414 922 416 Ι

146 435 190 497 (De
213 440 271 498 part,
297 437 370 493 anim,
390 436 416 493 Ι,
439 436 498 499 2).1)
531 436 610 483 Fuerit
635 437 705 498 igitur
731 436 822 484 libellus
841 454 892 483 nos-

146 530 181 571 ter
209 526 274 590 quasi
295 525 439 588 technologia
462 508 755 588 quaedam'philosoplrica,
774 526 891 573 continens

110 679 112 683 ι
147 612 288 660 definitiones
310 613 473 660 vocabulorum
497 614 526 660 ad
548 613 677 671 dialectica,
696 614 781 671 ethica,
799 614 892 676 physica

147 701 321 763 pertinentium,
340 701 386 748 sire
404 718 414 748 e
432 701 534 748 Platonis
551 702 690 749 sermonibus
708 704 754 749 sive
771 719 782 749 e
797 702 892 764 dialogis

148 789 287 852 depromtas,
311 790 376 836 euius
400 791 488 852 generis
511 790 629 853 Sophiste,
647 790 768 847 Philebus,
787 789 892 837 Timaeus

147 864 201 924 saitis
224 894 328 940 magnam
352 879 439 941 copiam
454 856 615 941 suppeditant.
649 878 758 941 Exempla
780 878 847 925 modo
865 894 892 924 ex
952 914 954 918 .

148 965 268 1012 Aristotele
285 965 372 1028 prolata
389 983 441 1012 cum
457 966 500 1012 lrac
517 966 665 1028 explicatione
688 965 755 1028 plane
772 965 890 1026 quadrant.

147 1052 205 1100 Ecce
230 1070 282 1099 vero
306 1046 399 1114 longam
430 1053 561 1100 huiusmodi
585 1054 733 1115 partitionum
758 1053 837 1099 seriem
863 1052 891 1099 ad

148 1141 234 1198 ethica,
252 1141 357 1202 politica,
370 1140 499 1198 dialectica,
517 1141 630 1187 rhetorica
642 1141 729 1202 aliaque
741 1141 891 1203 spectantium

149 1230 213 1276 offert
229 1229 294 1276 nobis
311 1228 415 1276 Laertius
432 1230 457 1275 iu
473 1228 528 1276 Vita
544 1229 656 1286 Platonis,
676 1228 727 1286 HI,
745 1230 890 1291 §Sd—109.

147 1303 238 1381 Incipit
255 1318 289 1364 his
312 1317 400 1364 uerbis:
425 1319 495 1377 Διῄρει
517 1318 537 1364 δὲ
554 1319 572 1379 (d
592 1318 705 1378 Πλάτων),
725 1317 795 1378 ’φασιν
812 1316 822 1362 c‘
838 1320 892 1375 Άρι-

148 1407 263 1467 σιρτέλιρς,
281 1409 317 1453 καὶ
336 1407 365 1453 ταὶ
377 1408 504 1466 πράγματα
515 1410 588 1468 ταῦτα
599 1406 635 1453 τὸν
646 1405 731 1463 τρόπον,
745 1411 767 1451 et
779 1404 891 1452 clauditur
931 1442 933 1444 .

148 1496 224 1542 hisce:
250 1493 288 1542 ὧδε
309 1495 345 1542 καὶ
368 1494 398 1541 τρὶ
421 1498 494 1553 πρῶτα
520 1495 581 1554 διῄρει
605 1495 665 1541 rard
681 1494 717 1540 τὸν
735 1495 889 1552 Ἀριστοτέλην.

148 1582 264 1629 Habemus
281 1583 351 1645 igitur
368 1581 418 1639 liic,
436 1582 560 1628 secuudum
577 1580 714 1643 Diogenem,
733 1582 808 1642 ipsum
825 1580 890 1627 illum

148 1670 231 1717 librum
253 1658 378 1729 διαιρέσεωνΙ
392 1686 459 1731 quem
479 1669 503 1715 in
520 1669 624 1715 manibus
641 1667 721 1714 habuit
743 1669 890 1724 Aristoteles3

148 1758 247 1805 dubitari
269 1764 344 1805 tamen
361 1758 441 1819 nequit
457 1773 503 1803 non
521 1773 568 1803 esse
580 1773 695 1818 germanas
706 1756 760 1802 istas
772 1755 889 1816 διαιρέσεις,

148 1847 187 1893 sed
204 1864 240 1893 eas
257 1847 333 1909 potius
351 1862 407 1907 quas
424 1846 539 1892 acdrdecdar
557 1844 614 1891 dixit
627 1830 768 1901 Alexander,
782 1845 822 1905 qui
833 1844 890 1890 liber

148 1935 263 1997 aliquanto
281 1942 381 1996 tempore
398 1938 450 1996 post
466 1933 590 1994 Diogenem
608 1935 672 1994 (saec.
691 1933 756 2002 ailbe
773 1917 894 1979 doctorum*

148 2021 252 2069 manibus
281 2023 409 2078 evanuerit,
436 2026 463 2067 ut
484 2020 637 2083 Philoponum
654 2020 720 2086 modo
742 2020 889 2066 audiebamus

147 2117 279 2169 testantem,
303 2128 374 2173 quum
396 2127 437 2156 sua
460 2114 532 2156 aetate
548 2125 577 2156 ne
594 2109 778 2156 commentarium
800 2108 894 2169 quidem

147 2200 190 2246 hoc
207 2198 275 2246 titulo
293 2199 404 2245 exstitisse
422 2197 515 2244 affirmat
534 2199 610 2258 (supra
627 2215 648 2259 p.
668 2197 731 2257 aia).

181 2287 272 2334 Praeter
289 2287 394 2346 διαιρέσεις
418 2287 443 2332 in
465 2285 567 2348 Epistola
590 2284 651 2331 XIII
674 2285 741 2330 etiam
763 2284 847 2330 mentio
864 2284 890 2330 fit

148 2381 188 2424 τῶν
210 2376 362 2436 Πυθαγορείων.
405 2373 468 2432 Quid
488 2373 624 2435 intelligitur
646 2373 689 2418 hoc
711 2371 795 2418 titulo?
824 2370 890 2418 Credi

148 2470 224 2527 posset
240 2464 360 2526 significari
376 2463 478 2510 Platonis
495 2463 625 2519 Pimaerun,
643 2462 668 2507 iu
685 2477 730 2522 quo
742 2460 831 2521 dialogo
843 2461 891 2522 phi-

148 2552 255 2614 losophus
275 2552 314 2599 ille
330 2551 496 2613 PythagoreuS,
515 2551 580 2597 cuius
597 2550 688 2596 nomine
704 2548 826 2610 inscriptus
845 2553 891 2605 est,

148 2641 231 2704 primas
248 2641 295 2702 agit
312 2645 398 2702 partes,
417 2638 606 2700 quemadmodum
619 2637 687 2684 ceteri
699 2635 794 2697 dialogi,
807 2636 831 2681 in
843 2637 892 2697 qui-
944 2655 946 2660 ⁸

173 2854 191 2898 1)
205 2854 243 2888 Hoc
259 2854 297 2889 loco
315 2852 408 2900 Speusippi
424 2854 521 2903 διαιρέσεις,
540 2862 583 2898 quae
600 2862 610 2886 a
626 2850 697 2886 iraditio
715 2849 761 2892 inter
774 2849 825 2884 huius
839 2861 890 2896 opera

148 2925 235 2967 citantur,
248 2924 342 2971 significari
355 2935 446 2970 perperam
460 2923 535 2969 conjecit
548 2922 645 2958 Snekovius
658 2921 670 2957 l.
683 2921 695 2956 l.
