1932 3115
351 700 493 769 CAPUT
525 701 581 770 VH.

170 943 198 973 nn
215 942 326 974 aaaroms
342 943 473 975 rrmnnmns
491 942 588 986 neonem
605 942 631 975 m
648 942 763 973 arrsronis

357 1031 445 1063 nnnrro
461 1030 509 1063 non
525 1031 570 1064 111.
597 1013 600 1020 ’

386 1209 542 1238 *sopwe—

127 1374 200 1437 Snpra
211 1376 415 1434 animadvertimus,
425 1377 452 1423 cle
460 1377 586 1433 itineribus
597 1393 654 1438 qnae
662 1375 728 1422 Plato
737 1375 836 1436 Megara,

96 1461 209 1522 Cyrenen,
219 1464 244 1509 in
252 1464 381 1526 Aegyptum
392 1471 414 1510 et
425 1465 448 1510 in
458 1464 546 1511 ltaliam
560 1465 683 1525 suscepisse
694 1463 804 1519 traditur,
814 1463 838 1508 in

95 1548 203 1611 ¹h'pistolis
226 1551 312 1598 nnllam
335 1552 383 1597 fieri
405 1553 555 1609 mentionem,
578 1552 623 1597 imo
644 1556 716 1597 totam
732 1551 839 1596 narratio-

95 1653 146 1683 nem
164 1638 196 1684 ita
213 1639 358 1701 compositam
371 1656 430 1696 esse,
442 1645 469 1686 nt
482 1639 657 1702 peregrinationi
667 1640 691 1684 in
702 1638 838 1699 longinquas

95 1731 165 1771 terras
181 1727 220 1772 nia
235 1727 414 1789 loensrelinqni
432 1728 540 1775 videatur.
567 1728 591 1773 Si
608 1728 667 1773 enim
683 1743 739 1787 qnae
751 1726 774 1772 in
787 1725 839 1787 Epi-

96 1812 154 1858 stola
171 1812 219 1859 VH
234 1818 284 1860 tum
302 1814 329 1860 tle
344 1815 445 1862 Platonis
462 1816 611 1862 adolescentia
626 1820 676 1861 tnm
690 1814 717 1860 de
733 1814 777 1860 vita
788 1818 840 1874 post

96 1898 193 1945 Socratis
209 1907 305 1947 mortem
321 1902 417 1949 Athenis
435 1908 484 1949 aeta
501 1919 573 1963 nsque
591 1902 619 1948 ad
636 1901 797 1964 profectionem
814 1900 838 1946 in

95 1984 190 2060 ltaliam
202 1994 334 2045 narrantur,
353 1994 438 2036 attente
454 1990 563 2052 legimns,
581 1989 639 2036 nihil
655 1988 716 2034 alind
730 1988 784 2034 inde
796 1987 840 2033 effi-

96 2075 180 2122 eiamns
205 2076 249 2130 nisi
271 2077 327 2123 hoe:
350 2077 469 2124 Platonem
489 2095 529 2141 per
550 2095 615 2125 omne
634 2076 693 2123 illml
710 2082 799 2139 tempus
815 2076 839 2121 in

96 2163 167 2223 patria
190 2163 312 2221 mansisse,
327 2165 396 2227 idqne
416 2167 551 2228 transegisse
567 2166 650 2228 partim
666 2164 772 2211 ineundis
790 2180 840 2209 eon-
908 2169 916 2200 P

96 2249 152 2295 siliis
170 2250 197 2296 [16
217 2252 353 2313 capessenda
371 2254 500 2314 republica,
521 2255 603 2317 partim
623 2252 778 2315 philosophiae
795 2257 841 2297 stn-

97 2337 152 2393 diis,
170 2332 266 2385 manime
282 2356 335 2386 vero
354 2341 527 2402 eogitationibns
545 2342 573 2387 de
589 2340 728 2387 emendanda
739 2339 840 2396 civitate,

98 2429 164 2486 atque
186 2426 239 2473 imle
261 2427 285 2472 in
309 2428 383 2474 animo
406 2428 454 2474 eins
476 2433 553 2475 natam
577 2446 623 2475 esse
645 2428 708 2475 illam
731 2427 841 2490 perlectae

98 2514 194 2560 civitatis
216 2514 330 2572 formam,
344 2531 401 2577 qnae
417 2516 442 2562 in
459 2533 531 2578 opere
543 2516 589 2576 περὶ
606 2515 720 2568 Πολιτείας
738 2515 846 2576 expressa

57 2598 59 2601 ⁴
98 2606 143 2647 est:
168 2617 236 2662 qnam
259 2618 329 2663 qnam
351 2603 375 2648 in
402 2603 495 2649 Graecia
515 2602 616 2650 effectam
635 2602 700 2649 resltli
719 2619 785 2664 posse
803 2601 839 2647 de-

98 2693 207 2749 speraret,
232 2689 434 2751 qnadragenarinm
451 2691 529 2737 relicta
551 2691 623 2753 patria
645 2691 669 2736 in
688 2690 780 2736 ltaliam
805 2690 842 2736 ab·

97 2774 155 2820 iisse:
191 2775 279 2834 Quodsi
295 2777 355 2823 int-ra
371 2777 414 2823 hoe
434 2760 544 2823 annornm
561 2777 706 2823 intervallum
722 2776 788 2822 Plato
805 2775 842 2822 vel

97 2861 172 2908 taedio
189 2880 264 2910 rernm
281 2864 380 2910 civilinm
397 2864 433 2912 ael
450 2865 552 2911 discendi
568 2866 640 2926 gratia
656 2881 748 2927 peregre
766 2864 841 2924 aliqno

100 2950 213 3011 profectus
230 2956 300 3008 esset,
319 2952 421 3014 scriptori
437 2953 470 2999 ita
486 2952 550 3013 loqni
569 2969 616 2999 non
636 2952 707 2999 lionit.
742 2951 796 2997 Post
811 2967 843 2995 16-

707 3038 754 3080 11*
