1932 3115
504 107 506 110 a
554 112 594 193 ‚m

208 302 232 332 ao
253 287 332 348 judieii
354 287 421 352 laude
443 288 526 344 elaios,
552 287 607 333 tales
634 287 775 348 praesertim,
803 303 859 348 quos
885 286 949 333 bene-

206 373 269 420 volos
292 375 368 437 potius
391 375 478 437 judices
496 391 564 436 quam
581 374 717 421 adversarios
735 375 791 421 milri
808 378 868 436 opto.
905 374 948 420 Res

149 504 151 507 ,
201 468 282 522 tamen
305 464 406 525 postulat
428 469 455 509 nt
472 463 532 524 quod
549 463 621 509 sentio
639 463 718 510 dioam.
754 463 812 510 Mihi
829 463 948 524 diligenter

208 552 338 598 examinatis
356 552 396 598 his
409 551 508 614 epistolis
526 555 548 597 et
564 552 679 613 perpensis
696 568 753 613 quae
762 553 816 609 Ast,
829 551 947 608 Salomon,

208 639 331 701 Wiegand,
362 638 489 695 Hermann,
508 638 576 684 ceteri
594 638 799 685 animadverteram
811 640 839 701 ¹),
862 639 947 700 liquere

207 727 281 773 visum
298 732 343 785 est,
362 744 398 773 eas
415 743 491 773 omnes
509 731 531 772 et
548 732 680 792 argumento
697 733 720 774 et
735 728 835 774 oratione
846 728 879 774 ita
890 744 948 774 com-

132 860 134 863 ,
207 823 295 877 paratas
313 832 370 872 esse,
390 819 417 861 ut
427 831 468 861 neo
477 814 595 861 Platonem
607 832 649 862 neo
660 814 812 878 Speusippum
823 832 864 862 neo
875 832 948 862 unum

208 921 220 950 e
240 904 386 969 familiaribus
409 902 509 949 Platonis
527 888 642 950 auotorem
658 904 767 961 referant,
790 904 828 950 sed
850 904 948 966 aliquem

208 991 244 1037 vel
260 991 336 1054 potius
353 990 440 1052 aliquos
457 1008 484 1037 ex
500 991 640 1038 imitatorum
652 1008 731 1053 grege,
744 992 784 1053 qui
796 992 948 1054 centumplu-

208 1079 296 1126 ribusre
313 1079 377 1125 annis
394 1083 445 1140 post
461 1079 569 1126 vinerint:
587 1080 688 1126 homines
706 1069 889 1139 φὶλοπλνίτωνιις,
908 1075 948 1140 qui

207 1168 303 1214 lectione
319 1169 367 1229 ejus
379 1166 472 1224 imbuti,
489 1167 514 1213 in
524 1167 618 1214 historia
629 1168 717 1214 modioe
728 1169 822 1225 versati,
840 1168 864 1214 in
876 1168 948 1229 philo-

208 1255 287 1318 sophia
306 1271 398 1317 parum,
422 1272 434 1301 e
456 1255 557 1302 Platonis
580 1256 667 1302 seriniis
684 1255 739 1302 haec
756 1256 877 1318 specimina
897 1273 948 1303 con-

208 1342 352 1390 einnaverint.
386 1342 481 1389 Illarum
502 1347 578 1389 autem
600 1347 627 1389 ut
649 1343 756 1405 optimam
772 1330 805 1389 ita
822 1344 948 1405 antiquissi-

207 1448 266 1478 mam
289 1448 337 1477 esse
359 1430 483 1492 Epistolam
505 1430 566 1489 VII,
590 1449 617 1478 ex
639 1432 681 1478 hae
700 1438 783 1479 ceteras
800 1432 917 1494 plerasque
935 1450 948 1478 a

208 1520 327 1567 serioribus
345 1536 392 1570 esse
409 1536 522 1582 procusos.

237 1607 330 1666 Quibus
350 1608 488 1670 argumentis
504 1608 560 1655 haee
576 1625 625 1655 mea
642 1608 718 1670 opinio
735 1609 833 1666 nitatur,
852 1626 947 1671 sequens

139 1675 141 1678 Α
207 1696 329 1759 disputatio
347 1695 473 1758 explicabit.
581 1696 583 1698 ’

230 1898 247 1943 1)
260 1898 286 1933 ux
299 1897 325 1932 his
339 1899 372 1933 Ast
384 1910 443 1933 omnes
456 1898 543 1946 epistolas
556 1899 617 1934 ordine
628 1902 648 1934 et
658 1877 740 1945 carptim,
754 1899 836 1934 Salomon
845 1900 885 1934 data
894 1911 946 1946 opera

206 1968 242 2003 VII
258 1972 275 2004 et
291 1969 346 2012 VIII,
365 1968 472 2004 Tiedemaun
489 1973 506 2004 et
518 1962 603 2016 Wieganil
616 1970 644 2012 ΙΙ,
658 1969 748 2005 Hermann
761 1970 807 2014 (libr.
820 1970 867 2005 laud.
880 1983 897 2017 p.
911 1971 946 2006 502

206 2042 251 2075 nott.
265 2039 309 2082 216,
323 2040 365 2084 220)
377 2018 470 2086 praecipue
483 2040 529 2076 VIII
542 2041 561 2075 in
574 2052 645 2075 examen
659 2042 750 2075 vorarunt.
768 2065 770 2068 -
787 2078 789 2082 ,
