1932 3115
106 544 112 563 t

496 167 541 210 133

145 318 188 365 τοῖς
211 315 299 367 ναύταις
321 317 444 375 κομίζοντας
462 320 526 365 αὐτὸν
546 322 633 366 ἐνθεῖναι
656 322 706 378 πρὸς
729 323 766 376 τὴν
783 321 884 368 Ἰταλίαν.

145 400 180 447 Ab
203 401 245 448 hoc
268 420 319 449 uero
342 405 483 465 aliquantum
506 406 618 469 discrepat
635 407 712 470 Nepos
730 425 749 454 c.
768 412 794 465 h,
819 426 885 469 quem

144 486 262 549 Ephorum
282 497 394 538 auctorem
417 492 522 540 habuisse
545 495 624 552 cred0,
649 496 724 542 dicens
747 514 843 554 „narem
866 497 886 542 ei

144 577 265 632 „triremem
282 578 357 637 dedit,
370 597 414 641 qua
426 581 560 629 Corinthum
573 583 747 641 derehcretm,’'
760 590 781 631 et
791 585 884 642 deinde,

143 665 235 721 „omnia
258 684 314 728 quae
334 669 417 715 moueri
433 675 536 732 poterant
554 671 633 718 Dionis
650 673 674 719 iu
691 690 758 719 naves
776 674 885 735 imposuit

145 752 173 798 ad
196 770 291 816 cumque
313 756 396 803 misit.”
428 757 471 804 Cui
488 760 610 806 narrationi
628 760 688 807 haud
707 762 752 807 scio
767 779 795 807 an
809 762 886 823 potius
949 742 951 744 ¹

143 840 251 898 habenda.
263 844 292 890 sit
308 845 375 903 fides,
397 863 467 907 quum
484 853 571 894 constet
588 848 704 895 Timaeum
721 849 835 911 Dionysiis
852 850 885 896 in-

142 930 287 978 festissimum
307 933 376 980 luisse
394 941 416 980 et
430 935 534 982 lubenter
546 937 669 997 quamhbet
681 938 820 984 occasionem
832 938 884 984 arri-

142 1017 218 1080 puisse
229 1025 256 1066 ut
266 1019 357 1068 illorum
368 1022 440 1069 lamae
450 1029 547 1069 noceret.
565 1024 683 1072 Praeterea
691 1025 813 1087 Dionysius
821 1026 885 1073 misit

142 1107 211 1152 Dioni
234 1111 355 1169 quotannis
371 1110 457 1157 reditus
476 1110 597 1158 fundorum
614 1117 636 1158 et
653 1129 770 1174 agrorum,
788 1119 815 1159 ut
832 1113 860 1159 Pl
876 1143 884 1149 -

142 1195 232 1244 tarchus
245 1197 329 1255 scribit,
343 1215 361 1245 c.
376 1201 405 1244 lt
418 1204 484 1255 extr,
495 1199 556 1259 quod
568 1188 662 1246 affirmat
673 1201 787 1262 Epistola,
800 1219 821 1263 p.
835 1203 882 1247 345
927 1240 929 1244 ,

142 1287 172 1344 O,
191 1292 213 1333 ct
230 1287 307 1334 exsilio
325 1304 406 1334 nornen
424 1287 549 1349 praetexuit
565 1287 734 1344 μεταστάσεως,
752 1307 773 1351 p.
793 1290 839 1334 333
854 1291 882 1335 A.

143 1375 262 1422 Traditum
279 1381 312 1421 est
329 1392 420 1437 quoque
437 1393 450 1421 a
464 1375 587 1422 Plutarcho
599 1377 626 1437 (c.
642 1379 687 1438 13),
700 1376 771 1440 primo
783 1377 884 1423 Platonis

85 1519 92 1533 ‚
143 1465 240 1512 aduentu
262 1465 398 1527 Dionysium
420 1465 546 1512 incredibili
569 1466 673 1526 flagrasse
691 1465 791 1516 discendi
808 1465 883 1511 studio

142 1571 212 1615 eoque
235 1555 354 1600 maximam
375 1555 400 1600 in
423 1554 474 1601 aula
496 1554 578 1601 factam
601 1570 647 1600 esse
667 1571 743 1600 rerum
763 1559 884 1600 commuta-

143 1643 241 1700 tionem,
268 1649 352 1703 quum,
372 1643 463 1688 remotis
481 1642 567 1688 deliciis
585 1646 607 1688 et
624 1642 792 1704 voluptatibus,
811 1643 885 1688 omnia

141 1731 207 1776 docto
224 1730 316 1792 puluere
333 1730 428 1792 oppleta
445 1734 525 1776 essent.
537 1731 553 1791 ἰ)
571 1729 674 1791 Epistola
691 1731 732 1776 hac
744 1730 772 1777 de
783 1748 807 1776 re
818 1730 884 1791 plane

141 1818 202 1874 silet,
228 1818 362 1879 Dionysium
384 1822 411 1864 ut
434 1818 461 1864 ab
485 1818 546 1863 omni
569 1817 670 1863 doctrina
687 1818 785 1864 ahenum
803 1815 883 1864 descri-

141 1907 181 1953 bit.
207 1905 363 1952 Nihilominus
380 1906 445 1952 Plato
464 1923 476 1951 a
492 1905 601 1967 Dionysio
612 1905 644 1951 sic
654 1906 768 1962 discessit,
782 1911 808 1952 ut
821 1906 884 1953 bene-

140 1995 251 2041 uolentiae
266 1995 381 2041 vinculum
398 2011 444 2041 non
456 2012 552 2056 prorsus
570 1994 700 2041 tolleretur:
719 1994 765 2053 τρίν
783 1995 882 2050 attritam,

140 2084 228 2144 inquit,
251 2083 321 2139 ξενίαν
343 2083 379 2130 καί
402 2084 478 2142 φιλίαν
500 2083 597 2142 Ἀρχύτα
618 2084 653 2130 καί
677 2084 776 2141 Διονυσίῳ
793 2084 884 2137 nordeum

141 2171 263 2218 νίτέτλενν.
281 2188 303 2232 p.
323 2173 369 2217 333
388 2170 413 2216 C.

173 2259 193 2305 E
215 2261 333 2322 postremis
355 2261 391 2306 his
414 2260 479 2306 dictis
500 2259 585 2306 efficere
607 2260 671 2316 licet,
690 2259 814 2306 secundum
832 2259 885 2322 Epi-

141 2349 221 2394 stolam
247 2349 364 2395 Platonem
387 2365 445 2406 non,
471 2354 497 2395 ut
520 2366 533 2394 a
553 2348 667 2410 plerisque
684 2348 790 2407 traditur,
813 2364 884 2408 quum

141 2438 239 2499 primum
260 2439 284 2484 in
307 2437 397 2484 ltaliam
419 2438 528 2494 uenisset,
549 2437 588 2484 sed
605 2454 675 2498 quum
694 2454 705 2482 e
722 2436 798 2483 Sicilia
815 2436 884 2482 disce-

142 2525 215 2581 deret,
233 2526 355 2572 Tarentum
373 2526 401 2571 ad
418 2526 541 2587 Archytam
558 2526 644 2572 uenisse
662 2530 684 2571 et
696 2525 819 2586 hospitium
831 2540 883 2570 cum

140 2613 183 2659 hoc
201 2614 323 2675 ceterisque
340 2614 485 2676 Pythagoreis
501 2614 609 2676 juimisse.
628 2612 697 2671 Quod
714 2613 733 2658 si
749 2629 827 2658 verum
839 2617 884 2670 est,

141 2701 341 2757 armentarvillam
359 2702 412 2747 satis
430 2701 520 2764 longam
537 2702 606 2747 fuisse
622 2701 646 2746 in
665 2704 740 2761 aperto
759 2706 799 2745 est.
821 2699 884 2746 Cete-

165 2903 182 2946 1)
195 2901 285 2937 aruum
297 2901 319 2941 ar
331 2903 364 2942 aa
376 2903 395 2937 in
408 2902 440 2952 up.
453 2887 495 2948 nr,
507 2915 525 2954 p.
540 2904 574 2938 aro
588 2903 613 2938 c:
626 2904 680 2941 111111
686 2904 806 2949 παιδευθέντα,
814 2905 886 2954 ἔφησθα,

141 2980 247 3031 γεωμετρεῖν,
