1932 3115
357 141 426 192 ’27

41 303 108 348 iufra
121 303 145 348 111
169 275 285 348 tractanda
306 300 400 362 epistola
416 299 464 345 VII
481 298 591 346 nonnulla
608 297 696 343 addam.
730 295 784 341 Non

41 390 112 436 aliena
135 389 226 450 quidem
248 388 303 435 talia
320 393 374 434 sunt
391 388 526 444 6Ρ166666;
547 391 624 433 contra
641 401 717 430 omnes
736 384 782 429 eius

41 477 138 539 dialogi,
162 477 257 523 manime
279 481 355 522 autem
375 475 428 522 libri
449 475 476 521 de
499 474 598 536 Legibus
614 473 675 535 piam
692 471 783 517 deorum

40 557 186 611 reverentiam
203 581 256 626 prae
273 581 296 610 se
313 563 401 620 ferunt3
419 562 458 609 sed
474 567 500 609 ut
516 562 549 608 ibi
565 561 619 607 talia
636 560 695 606 dicta
707 563 784 621 sponte

41 670 53 699 6
75 669 99 699 ro
124 658 177 699 nata
202 657 224 698 et
249 651 362 712 loquentis
388 667 415 697 66
440 651 514 697 animo
540 649 667 712 profluunt,
694 647 725 692 ita
748 647 785 691 hic

42 739 141 801 quaesita
158 744 180 786 et
200 739 303 785 consulto
319 738 433 785 inculcata
450 743 511 784 6666.

73 826 136 872 Η666
159 826 247 888 aliaque
267 826 291 872 id
308 843 379 887 genus
397 842 436 888 per
454 842 530 871 omnes
548 823 653 886 epistolas
674 827 727 868 6666
744 821 785 866 dif-

41 915 103 971 fusa,
128 919 196 975 atque
219 918 321 970 eatenus,
339 913 392 959 licet
408 913 480 959 forma
497 918 519 958 et
536 913 610 974 specie
627 911 672 956 sint
689 908 785 955 dissimi-

40 1002 85 1058 les,
104 1007 222 1062 cognatam
239 1006 315 1047 tamen
332 1000 441 1062 originem
458 999 565 1063 produnt.

73 1089 172 1136 Maxime
188 1081 240 1136 uero
258 1089 390 1151 scripturam
409 1088 484 1150 arguit
503 1088 576 1134 stilus,
614 1086 664 1133 Hac
681 1087 704 1132 in
722 1090 785 1147 parte

45 1178 88 1223 6661
114 1177 219 1239 epistolae
243 1178 385 1239 aliquantum
409 1177 469 1223 inter
494 1193 518 1221 66
540 1176 650 1231 distant,'
665 1179 739 1220 661666
762 1173 784 1219 16

41 1264 128 1311 cunctis
146 1265 244 1311 cernitur
261 1264 391 1310 Platonicae
411 1264 518 1310 orationis
540 1263 634 1324 effigies,
656 1262 691 1307 vel
708 1262 786 1322 potius

41 1351 123 1408 dicam,
149 1351 241 1399 εἴδωλον.
275 1351 367 1412 Ubique
393 1351 501 1413 elegantis
519 1357 542 1397 et
564 1355 656 1396 ornatae
677 1348 795 1396 dictionis·

39 1438 102 1496 illius
123 1439 219 1500 uestigia
236 1455 355 1500 agnoscere
371 1439 415 1485 tibi
436 1439 537 1495 videare,
552 1422 665 1501 imprimis
683 1438 801 1499 copiam7¹

41 1525 232 1587 amplitudinem,⁴
242 1527 374 1586 grauitatem
391 1534 438 1572 tam
454 1527 478 1572 16
495 1526 611 1572 6666666116
624 1531 692 1587 quam
702 1525 727 1570 16
739 1541 786 1570 661·-

41 1614 88 1670 bis,
106 1629 147 1660 666
164 1613 238 1659 ullum
254 1613 446 1675 facile-scriptum
462 1614 572 1675 reperias,
589 1613 614 1659 in
626 1629 671 1674 quo
682 1612 785 1659 Platonis

41 1700 111 1747 oratio
141 1700 218 1747 multis
243 1700 343 1762 partibus
373 1701 499 1747 accuratius
529 1702 559 1747 sit
589 1717 692 1762 66666666
718 1716 786 1761 quam

40 1789 65 1834 16
87 1788 189 1850 Epistola
211 1787 265 1834 VH.
299 1787 362 1834 Haec
385 1788 510 1835 similitudo
533 1788 585 1834 talis
609 1784 642 1834 666
664 1793 691 1833 66
710 1787 785 1833 minus

41 1880 154 1922 attentum
175 1874 281 1940 lectorem
303 1875 380 1922 fallere
397 1875 480 1937 possit,
498 1856 627 1922 1161166666
644 1874 785 1920 doctissimos

42 1961 128 2024 judices
151 1968 174 2008 66
196 1967 314 2008 emunctae
341 1963 401 2009 66116
425 1963 513 2009 61161666
535 1963 628 2018 ieiellit3
648 1969 671 2008 at
693 1962 786 2024 propius

42 2050 142 2096 intuenti
158 2050 223 2096 laoile
240 2057 332 2112 apparet
354 2067 400 2097 666
423 2068 501 2098 verum
519 2067 566 2097 6666
583 2050 681 2097 colorem
698 2050 738 2095 sed
753 2049 788 2095 fu-

44 2142 132 2195 catum,
151 2154 197 2184 666
213 2138 330 2200 proprium
347 2143 452 2185 ornatum
475 2138 514 2184 sed
532 2138 644 2185 adscitum
649 2158 667 2194 5!
683 2129 788 2183 dictionis

43 2226 127 2286 figurae
144 2232 171 2272 -et
188 2232 331 2283 ornamenta,
351 2227 448 2287 quaein
465 2227 514 2289 ipso
531 2226 626 2273 Platone
643 2223 709 2288 parce
726 2224 788 2272 adhi-

42 2313 91 2360 bita
113 2313 202 2376 placent
225 2319 248 2360 66
270 2315 393 2361 orationem
415 2314 559 2371 illuminant,
585 2315 609 2361 in
632 2314 674 2361 hac
695 2313 789 2376 epistola

41 2407 125 2448 temere
146 2407 168 2448 66
185 2402 304 2448 immodice
322 2402 392 2448 effusa
408 2403 512 2464 ineptum
528 2402 629 2465 produnt
646 2402 788 2463 argutiarum

22 2498 23 2501 ’
43 2491 172 2552 aucupium.
202 2489 296 2536 Accedit
313 2490 375 2551 quod
391 2490 476 2537 flumen
493 2496 515 2537 66
533 2491 597 2552 66616
618 2490 725 2536 orationis
742 2496 789 2536 tur-

43 2577 111 2624 batur
127 2578 204 2624 crebro
220 2577 337 2640 implicitis
354 2578 471 2625 sententiis
489 2583 511 2624 et
522 2577 628 2624 inanibus
640 2578 785 2639 ambagibus,
849 2577 851 2579 ’

43 2665 126 2725 passim
149 2665 216 2711 etiam
239 2665 406 2712 contaminatur
428 2665 500 2712 verbis
517 2672 540 2712 et
553 2665 668 2728 juncturis
686 2682 744 2726 quae
761 2666 788 2712 ab

44 2753 120 2799 Attica
129 2753 227 2815 puritate
239 2759 262 2799 66
274 2769 349 2800 66666
356 2753 442 2816 judicio
456 2754 583 2801 abhorrent.
601 2754 631 2800 In
642 2754 703 2800 omni
713 2759 789 2800 autem

42 2838 82 2885 illo
109 2840 216 2887 orationis
242 2846 324 2887 ornatu
350 2846 372 2888 66
397 2842 462 2905 66616
487 2842 627 2888 desideratur
649 2842 717 2904 plane
738 2846 789 2888 tum

44 2926 156 2975 dilucidus
178 2929 339 2990 cogitationum
362 2930 427 2987 ordo,
449 2935 498 2976 tum
515 2920 641 2977 Socraticus
661 2929 700 2976 ille
717 2930 787 2993 lepor,
