1932 3115
434 143 480 185 rat

90 291 212 339 Tarentum
229 294 300 349 adire,
319 294 358 340 nbi
381 301 428 340 tum
448 296 581 341 auctoritate
597 295 691 341 florebat
708 294 832 355 Archytas,

91 379 238 441 philosophus
255 380 360 442 idemque
377 382 501 443 imperator
514 383 600 438 clarus,
626 383 649 428 in
676 399 720 443 qua
743 382 832 428 civitate

90 468 208 528 reperisset
230 468 323 514 forsitan
348 468 372 515 id
396 469 457 530 quod
483 469 610 530 quaerebat.
645 469 688 515 Sed
714 486 765 515 cum
791 469 832 515 hac

91 556 190 616 suscepti
211 555 297 601 itineris
317 556 406 623 ratione
428 573 473 603 non
492 557 590 603 concinit
610 556 672 617 (prod
691 557 759 617 vulgo
778 558 833 603 rela-

91 652 139 689 tum
161 647 207 699 est,
228 642 346 690 Platonem
367 644 492 712 discendi
514 661 581 690 causa
598 643 622 690 in
638 644 729 690 Italiam
746 646 832 691 vonisse

92 735 115 776 et
128 730 250 777 Tarentum
266 730 359 788 adiisse,
378 737 404 777 ut
420 731 613 793 Pythagoreorum
629 732 735 777 instituta
752 748 833 792 cogno-

92 824 173 864 sceret:
198 818 259 878 quod
282 835 334 865 saue
351 820 424 865 multo
442 826 464 865 et
480 819 619 884 probabilius
637 825 659 864 et
677 818 767 880 dignius
784 810 848 880 phis

91 903 186 967 losopho
207 922 274 967 quam
290 907 376 968 patriae
393 907 467 953 taedio
484 907 509 953 in
520 906 611 952 ltaliam
623 923 674 953 euru
689 906 802 968 migrasse.
815 907 832 967 ¹)

92 990 208 1053 Epistulae
230 986 325 1055 scriptor
341 994 365 1039 id
380 1000 420 1040 aut
436 994 550 1056 ignorasse
566 993 656 1040 videtur
673 1000 722 1050 aut,
740 1002 767 1040 ut
783 1010 832 1056 pro-

91 1080 164 1140 posito
179 1097 219 1126 suo
236 1080 312 1126 minus
330 1081 536 1137 accommodatum,
555 1081 715 1127 dissimulasse.

121 1166 238 1213 Prustrata
254 1184 311 1234 spe,
325 1185 351 1214 er
370 1167 438 1214 ltalia
455 1168 546 1214 divertit
562 1167 694 1229 Syracusas,
718 1167 767 1220 ἴσως
790 1169 830 1224 μὲν

89 1256 148 1301 aava
160 1256 243 1313 τύχην,
262 1255 313 1312 sed,
326 1261 353 1302 ut
369 1261 446 1318 postea
464 1255 581 1318 apparuit,
592 1255 663 1302 divini
670 1255 770 1302 numinis
782 1257 830 1317 (τῶν

87 1343 205 1401 κρειττόνων
216 1343 279 1406 τινὸς)
297 1343 449 1406 providentia,
467 1351 494 1389 ut
502 1344 549 1406 ipse
561 1343 616 1389 dicit
628 1345 657 1405 (p.
671 1345 718 1390 3¹26
731 1343 771 1405 D),
784 1344 830 1390 sive

88 1438 115 1478 ut
130 1431 267 1478 Plutarchus
285 1432 353 1493 (Dion
371 1450 389 1480 c.
407 1434 431 1494 t)
448 1433 621 1494 interpretatur,
643 1433 687 1489 θείᾳ
706 1432 828 1492 rivl'sdzy.

87 1519 147 1581 Ergo
165 1525 191 1566 ut
207 1519 274 1566 modo
292 1521 315 1566 in
333 1513 436 1577 Italiam,
454 1522 487 1567 ita
503 1537 564 1567 nuuc
580 1520 604 1566 in
622 1520 721 1566 Siciliam
733 1520 789 1567 abiit
801 1528 831 1566 te-

86 1624 160 1666 mere,
179 1607 242 1655 nullo
260 1608 364 1666 consili03
382 1609 462 1655 sedin
479 1609 559 1656 melius
577 1609 644 1655 vertit
661 1609 723 1655 deris.
746 1608 830 1655 Parum

87 1695 130 1742 hcc
147 1696 252 1744 credibile
269 1697 343 1743 visum
355 1703 388 1743 est
399 1698 452 1744 viris
464 1697 549 1752 doctis,
563 1697 601 1758 qui
613 1713 691 1744 causas
703 1696 830 1744 attulerunt

30 1797 32 1799 “
86 1785 143 1832 alius
161 1785 240 1843 aliam,
267 1802 308 1832 cur
324 1785 389 1832 Plato
406 1786 430 1832 in
447 1785 546 1832 Siciliam
563 1785 693 1846 trajecisset.
727 1784 829 1831 Fuerunt

87 1873 127 1934 qui
143 1889 195 1919 eum
212 1874 298 1920 Aetnae
315 1873 420 1920 visendae
437 1874 510 1935 gratia
525 1872 623 1919 insulam
638 1872 718 1919 adiisse
731 1872 830 1919 [licerent

86 1961 205 2023 (Apuleius
227 1961 251 2007 ll.
275 1978 294 2007 c.
316 1965 338 2008 t.
360 1960 464 2008 Laertius
489 1963 502 2023 b
522 1962 574 2022 18);
593 1961 644 2017 alii,
665 1967 692 2007 ut
709 1977 788 2022 agrum
806 1966 828 2007 et

85 2044 205 2094 incolasa
228 2053 322 2110 tyranno
345 2054 459 2111 posceret,
480 2048 609 2095 condendae
630 2048 737 2094 nimirum
754 2047 828 2094 Plato-

85 2137 149 2183 nicae
161 2136 243 2183 civitat‘
257 2136 326 2198 (Plut.
338 2136 398 2184 Phil.
411 2155 429 2184 c.
442 2137 512 2199 princ.
523 2154 542 2183 c.
552 2139 578 2194 43
587 2137 604 2198 Ξ)
613 2136 751 2183 Themistius
763 2135 827 2183 Orat.

86 2223 167 2281 uun,
191 2241 213 2287 p.
232 2225 278 2270 215
296 2224 337 2286 Β),
356 2224 417 2286 quod
433 2225 493 2271 idem
510 2223 614 2271 Laertius
631 2223 725 2270 secundi
742 2223 828 2270 itineris

86 2328 176 2359 causam
192 2312 262 2360 fuisse
279 2312 346 2370 dicit;
372 2313 495 2375 iniquiores
519 2329 570 2359 eum
595 2311 659 2358 aulae
677 2310 828 2373 Syracusanae

86 2399 171 2447 deliciis
192 2399 298 2447 allectum
315 2400 431 2456 dixerunt,
449 2406 476 2447 ut
492 2405 585 2458 narrant
601 2399 725 2461 Apuleius,
741 2399 829 2447 Themi*

87 2487 144 2534 stius
160 2493 182 2534 et
195 2486 370 2550 Olympiodorus
386 2489 433 2550 (vit.
447 2488 556 2549 Platon),
566 2503 634 2548 quam
643 2486 734 2547 quidem
744 2487 829 2551 opinio-

39 2565 41 2567 ·
85 2593 137 2623 nem
146 2593 159 2622 a
168 2576 257 2623 comicis
269 2576 341 2639 poetis
354 2582 376 2623 et
388 2576 517 2639 philosophi
529 2575 717 2623 obtrectatoribus
729 2593 829 2638 sparsam

111 2720 129 2763 1)
142 2720 234 2766 blenagius
251 2720 272 2756 ad
292 2720 344 2767 Diog.
364 2720 426 2761 baert,
446 2718 482 2755 111.
503 2718 519 2754 6.
544 2718 645 2759 Hermann,
663 2717 739 2763 System.
752 2717 769 2752 tl.
782 2706 829 2752 Plat.

86 2790 292 2838 peruenerat.
409 2766 415 2773 ”

111 2860 129 2905 2)
142 2861 233 2897 Plutarchi
246 2862 298 2897 uerba
311 2865 352 2896 sunt
365 2861 418 2896 hacc:
433 2863 446 2913 ᾗ
457 2864 484 2897 καὶ
497 2861 566 2897 Πλάτων
578 2862 601 2902 εἰς
613 2861 686 2897 Σικελίαν
698 2862 785 2905 duleum,
799 2861 828 2896 n-

86 2934 140 2976 πίζων
151 2936 174 2970 τὰ
187 2934 265 2981 δὸγματα
276 2938 334 2980 νόμους
346 2936 373 2971 καὶ
385 2937 427 2982 ἔργα
437 2938 509 2974 ποιήσειν
521 2934 537 2968 ἐν
549 2937 583 2973 τοῖς
595 2934 675 2970 Διονυσίου
686 2935 789 2981 updyyraara
