1932 3115
418 194 421 199 i
486 149 531 194 uo

133 303 235 352 Platonis
253 304 413 360 adversarium,
432 319 513 364 parum
527 303 648 349 honorifice
665 304 693 349 de
705 321 730 350 eo
742 304 879 352 mentionem

77 446 79 456 Ι
133 394 212 440 fecisse
229 393 328 440 dubitari
344 392 435 453 nequit,
453 407 494 437 nec
511 391 592 438 mirum
610 391 668 438 foret
683 394 701 439 si
713 392 828 455 Epistolae
839 393 878 440 ΠΙ

135 488 156 529 et
172 481 221 528 Vll
238 482 267 528 ad
283 482 345 528 illius
357 480 499 543 potissimum
510 474 689 528 maledicentiam
701 482 879 544 redarguendam

94 562 97 566 Α
134 577 208 617 essent
225 570 368 633 compositae.
381 571 397 632 Ι)

168 658 280 720 Diogenes
300 657 416 715 Laertius,
440 657 564 720 Apuleius,
588 659 655 704 ceteri
678 659 750 705 secuti
770 665 824 705 suut
843 676 880 721 po-

135 746 247 793 tissimum
272 746 341 793 libros
359 751 381 791 et
398 746 568 792 commentarios
592 745 777 808 philosophorum
795 753 817 794 et
835 739 894 794 bio!

134 834 284 895 graphorum,
308 850 405 901 quorum
426 833 465 879 ille
487 850 595 894 magnum
612 851 732 881 numerum
750 836 810 881 citat.
845 835 880 881 En

134 921 168 967 his
191 921 317 967 nominasse
346 921 444 967 sufficiat
468 937 505 967 eos
523 921 562 982 qui
579 921 681 968 Platonis
699 923 766 968 aetati
783 923 879 984 proximi

133 1010 237 1057 fue-runt:
256 1008 407 1072 Speusippum
421 1010 445 1055 in
460 1008 574 1061 Πλάτωνος
587 1010 721 1071 περιδείπνῳ,
745 1009 877 1057 Clearchum

133 1098 157 1144 in
184 1097 299 1150 Πλάτωνος
323 1098 434 1156 ἐγκωμίῳ,
457 1095 586 1143 Neanthem
609 1096 755 1159 Cyzicenum,
777 1098 879 1145 Dicaear-

134 1184 201 1230 chum
212 1184 261 1242 Περὶ
274 1185 339 1242 βίων,
354 1183 531 1242 Hermodorum,
541 1184 714 1243 Aristoxenum,
724 1184 878 1243 Heraclidem,

134 1273 313 1336 Theopompum.
339 1272 453 1334 Diogenes
472 1277 546 1319 autem
567 1273 608 1319 etsi
620 1279 721 1320 auctores
732 1273 784 1319 illos
796 1275 879 1335 passim

135 1346 202 1418 citat,
224 1370 299 1408 tamen
316 1361 450 1422 plerumque
468 1361 589 1407 oscitanter
605 1362 669 1408 nullo
685 1362 770 1423 judicio
789 1379 825 1408 eos
844 1363 880 1408 ad-

134 1450 223 1507 hibuit,
244 1449 311 1511 plura
335 1466 387 1496 vero
410 1466 456 1496 non
479 1467 491 1495 e
513 1450 614 1496 fontibus
637 1450 703 1512 ipsis,
725 1451 763 1497 sed
784 1450 879 1497 aliorum

135 1539 243 1584 crivulis
261 1537 349 1594 hausit,
375 1554 432 1599 quae
456 1538 483 1584 de
500 1538 601 1584 Platonis
620 1539 665 1584 vita
682 1538 761 1595 habet,
789 1556 814 1585 ea
831 1555 880 1601 par-

134 1627 176 1672 tim
193 1642 205 1671 e
222 1626 327 1672 Favorini
348 1626 513 1673 commentariis
531 1631 553 1672 et
570 1626 670 1672 historiis
687 1626 776 1672 ridetur
791 1615 880 1671 conciu-
921 1676 922 1679 Ἰ

74 1705 76 1710 ,
134 1731 207 1760 nasse.
219 1716 238 1775 2)
271 1713 373 1760 Platonis
391 1719 464 1760 autem
484 1714 654 1775 quaeferuntur
673 1713 788 1775 Epistolae
806 1730 818 1759 a
834 1711 880 1759 Ne-

135 1808 188 1864 pote
211 1808 232 1848 ct
254 1802 384 1847 aDiodoro
401 1818 448 1848 non
464 1801 570 1848 ridentur
587 1801 701 1848 adhibitae
718 1818 777 1858 esse3
801 1801 880 1847 sedulo

137 1906 187 1936 vero
212 1890 246 1936 his
267 1891 303 1936 usi
320 1895 374 1936 sunt
390 1890 527 1936 Plutarchus
549 1894 571 1935 et
587 1888 704 1946 Laertius,
723 1890 762 1950 qni
776 1880 816 1934 >eas
833 1894 881 1935 tau-

136 1994 204 2039 quam
225 1994 330 2039 germana
347 1977 449 2024 Platonis
467 1978 550 2040 scripta
567 1983 589 2023 et
606 1977 736 2038 gravissima
752 1977 881 2023 testimonia

137 2067 215 2112 citant.

167 2151 200 2198 Hi
222 2152 293 2213 igitur
315 2157 369 2198 sunt
391 2152 477 2208 fontes,
498 2152 553 2198 hacc
570 2152 710 2209 testimonia,
728 2152 811 2213 quihus
829 2168 883 2218 oum¹
910 2182 912 2185 -

134 2239 243 2301 Epistolis
266 2238 418 2295 conterendis,
442 2238 498 2299 quid
518 2239 599 2284 in'his
622 2255 672 2285 vere
697 2245 719 2285 et
735 2243 807 2295 recte,
826 2238 880 2300 quid
910 2270 912 2273 -

136 2343 206 2373 secus.
222 2326 319 2373 relatum
341 2327 381 2383 sit,
399 2326 474 2387 quoad
490 2326 579 2372 licitum
596 2331 642 2383 est,
661 2326 817 2388 dijudicemus
852 2326 880 2372 ln

137 2430 182 2476 quo
205 2415 280 2475 ipsum
305 2413 458 2476 Epistolarum
479 2413 573 2465 ductum
595 2419 713 2475 sequentes
733 2413 880 2459 tractabimus

138 2503 209 2563 primo
227 2503 325 2563 quaein
342 2501 446 2563 Epistola
461 2501 510 2547 VH
527 2502 555 2547 de
572 2501 714 2547 Athenarum
732 2506 792 2547 statu
813 2506 836 2546 et
853 2501 881 2547 de

161 2735 179 2778 1)
191 2733 232 2769 Vir.
248 2733 326 2776 oran-es,
338 2733 386 2769 Diss.
398 2719 491 2779 ineugsde
504 2732 597 2769 Favorino.
611 2731 658 2778 Traj.
671 2732 692 2766 ad
705 2732 740 2767 Rh.
755 2732 810 2775 1853,
824 2731 881 2779 p,'99.

161 2804 180 2849 2)
193 2804 278 2839 Philistus
291 2804 371 2850 Dionysii
384 2803 458 2838 minoris
471 2803 526 2838 vitam
539 2806 556 2837 ct
569 2814 596 2839 res
609 2806 666 2848 gestas
676 2802 786 2848 oomscripsit
795 2814 850 2849 usqne
859 2804 891 2839 ad·

136 2887 202 2910 aunum
218 2887 233 2910 a.
248 2875 268 2910 C.
282 2875 326 2909 363:
349 2874 405 2920 igitur
423 2874 444 2908 dc
463 2873 517 2908 tertio
536 2872 615 2908 Platonis
632 2872 706 2915 itinere,
719 2873 766 2918 qnod
784 2873 846 2909 incidit
862 2874 880 2909 in

137 2958 152 2981 a.
166 2945 211 2988 361,
224 2957 260 2980 uon
273 2945 349 2991 scripsit.
368 2944 409 2980 Vid.
422 2944 483 2989 Haug,
498 2943 526 2979 die
538 2943 614 2989 Quelleu
626 2944 729 2986 Plutarchs,
743 2955 760 2989 p.
774 2945 803 2979 63.
