1932 3115
477 123 524 166 aab

163 274 187 320 Si
212 276 259 336 ipse
285 275 317 320 ita
334 274 456 331 sentiebat,
475 274 530 335 quid
547 274 629 321 mirum
646 275 666 320 si
682 292 695 320 a
711 275 790 321 multis
808 290 872 336 pro]-

130 368 165 409 ter
186 363 268 409 itinera
283 363 327 409 ista
349 351 490 424 vituperatus
513 368 547 409 cst
565 370 604 409 aut
627 363 730 410 derisus?
763 362 786 408 Si
809 362 874 408 Euri-

131 450 179 512 pidi
200 450 256 497 vitio
280 450 358 497 datum
387 455 421 497 cst
447 450 509 513 quod
529 451 634 497 Archelai
652 450 799 497 Macedoniae
815 450 873 511 regis

131 538 256 600 hospitium
268 538 409 599 sequebatur,
422 538 507 599 quanto
520 540 593 586 acrius
605 539 717 586 offendere
726 538 805 585 debuit
814 537 874 600 quod

131 625 210 684 Plato,
236 627 270 673 rir
296 625 411 683 doctriua,
434 627 557 690 sapientia,
586 627 672 689 generis
698 626 817 690 splendore
841 626 874 672 in-

132 713 214 776 signis,
240 714 268 761 ad
293 714 453 775 Syracusarum
470 720 576 776 tyrannos
597 715 732 762 diverteret?
764 713 872 761 Omnium

133 802 191 848 enim
208 807 356 864 tyrannorum
371 803 467 850 maxime
484 803 604 865 Dionysios
622 804 650 850 ob
667 793 792 865 potentiam
804 818 875 862 aeque

133 894 201 951 atque
224 890 253 937 ob
276 890 403 952 superbiam
426 896 449 937 et
470 891 664 953 importunitatem
685 890 776 937 Graecis
792 883 876 936 invisos

132 978 214 1036 luisse,
232 995 259 1024 er
275 978 370 1024 historia
385 983 466 1043 notum
483 984 516 1025 est
530 980 554 1041 Ι).
572 978 619 1037 Qui
635 978 705 1041 igitur
723 978 755 1024 sie
772 983 798 1024 ut
809 978 875 1024 Plato

133 1065 215 1112 borum
236 1070 383 1128 tyrannorum
405 1067 477 1127 gratia
498 1067 599 1123 floreret,
623 1066 735 1128 quomodo
756 1066 775 1111 is
793 1066 875 1112 civium
911 1092 913 1096 .

133 1153 243 1200 inuidiam
254 1154 337 1200 evitare
353 1155 478 1216 potuisset?
496 1154 590 1201 Accedit
601 1153 663 1216 quod
675 1154 807 1201 indecorum
818 1153 878 1200 vide·

135 1242 214 1302 batur,
231 1242 404 1304 philosophum,
428 1243 468 1303 qui
483 1248 581 1289 mentem
597 1242 776 1289 marimerebus
795 1242 876 1288 divinis
895 1239 913 1259 ·’
948 1246 950 1249 ’

136 1330 248 1390 intentam
278 1330 383 1388 liaberet,
406 1331 535 1378 istiusmodi
562 1331 680 1378 homiuum
705 1331 805 1392 hospitio
829 1331 876 1387 uti,

138 1434 235 1480 quorum
252 1418 343 1466 luxuria
359 1424 382 1466 et
398 1419 468 1466 libido
485 1420 510 1465 in
526 1419 670 1482 proverbium
687 1419 794 1466 abierant.
807 1420 824 1483 2)

170 1506 272 1554 Laertius
290 1507 376 1554 dictum
393 1507 458 1554 nobis
470 1509 566 1554 serravit
577 1507 678 1554 Molonis
688 1507 817 1565 cuiusdam,
830 1507 880 1553 Pla-

137 1595 212 1652 tonis,
233 1599 259 1659 ut
274 1594 374 1652 videtur,
393 1596 492 1657 aequalis
510 1596 568 1657 (HI,
586 1598 598 1658 p
615 1598 653 1643 34.
672 1596 699 1642 ci.
715 1595 805 1658 Menag.
822 1594 877 1643 Obs.

137 1700 160 1745 p.
178 1684 245 1745 151),
263 1682 324 1730 mide
341 1683 448 1731 discimus
464 1700 540 1731 revera
555 1684 625 1731 tuisse
642 1685 681 1746 qui
698 1684 815 1731 Platonem
827 1684 878 1731 ideo
943 1705 945 1709 ’

138 1771 270 1834 culparent:
295 1772 318 1818 οὐ
340 1776 415 1826 τοῦτο,
438 1771 526 1834 inquit,
549 1773 685 1828 bunnuaria,
701 1772 718 1818 εἰ
736 1771 840 1824 Διονύσιος
859 1773 880 1818 ἕν

137 1860 237 1920 Κορίνθῳ,
254 1860 305 1906 ἄλλ’
318 1861 335 1907 εἰ
351 1858 444 1907 Πλάτων
461 1862 481 1907 ἐν
498 1860 599 1914 Zizania:
619 1876 681 1923 „non
694 1866 741 1906 tam
753 1859 881 1907 mirandum

140 1948 202 2009 quod
224 1952 333 2009 tyrannus
355 1964 424 2010 regno
447 1947 526 2010 pulsus
545 1947 648 1995 Corinthi
671 1949 795 2005 exsularet,
814 1965 881 2010 quam

141 2036 202 2097 quod
229 2035 333 2098 princeps
360 2035 510 2099 philosophus
532 2037 622 2098 tyranni
647 2036 722 2083 aulam
747 2036 881 2083 visitasset.'’

140 2125 216 2185 Atque
224 2123 352 2170 istiusmodi
360 2124 554 2186 reprehensionem
566 2125 674 2187 respicere
686 2124 881 2187 epistolograplius

166 2368 183 2413 1)
196 2367 268 2415 Insigne
280 2366 332 2403 huius
345 2367 380 2403 odii
394 2366 519 2403 documentum
532 2367 601 2403 editum
612 2371 640 2403 est
652 2368 702 2414 ludis
712 2368 800 2415 Olympiis
812 2382 827 2405 a
836 2369 884 2412 384,

142 2438 172 2474 uhi
180 2438 262 2484 Dionysii
269 2438 348 2481 theoria,
361 2437 457 2484 instigante
470 2438 522 2485 Lysia
529 2442 609 2482 oratore,
617 2443 627 2475 e
636 2442 726 2475 conventu
733 2439 793 2486 pulsa,
803 2439 885 2482 tentoria,
900 2479 903 2485 Ι

142 2520 216 2552 currus,
236 2509 281 2545 dona
299 2521 343 2557 quae
362 2509 447 2546 attulerat
462 2512 538 2545 cremata
551 2513 598 2546 sunt.
623 2511 667 2545 Rem
681 2512 750 2546 enarrat
764 2510 884 2553 caurauni.

142 2581 162 2616 of
177 2580 236 2616 Graec.
254 2580 289 2616 vol.
301 2580 340 2624 XI,
353 2593 370 2627 p.
384 2581 413 2616 31.
431 2581 497 2616 ‘Etiam
509 2581 552 2624 Dio,
568 2593 623 2627 quum
636 2594 646 2617 a
658 2583 734 2627 tyranno
747 2592 756 2615 e
769 2581 829 2616 Sicilia
842 2581 887 2627 ejec-

142 2655 171 2687 tus
184 2654 229 2687 esset
241 2652 263 2687 ab
275 2651 411 2687 Atheniensibus
423 2652 498 2699 benigue
511 2654 594 2700 exceptus
606 2655 624 2688 et
633 2652 742 2688 abomnibus
752 2652 834 2687 Graeciae
844 2652 888 2687 civi-

142 2723 208 2758 tatibus
220 2733 282 2770 magno
295 2722 362 2758 honore
373 2725 401 2759 cst
413 2722 490 2760 babitare.

169 2796 188 2840 2}
202 2794 257 2831 Cuius
269 2795 294 2830 rei
307 2794 387 2830 meminit
399 2794 479 2841 Epistola
491 2794 538 2838 VII,
551 2806 568 2841 p.
582 2795 616 2830 aab
630 2795 726 2841 Βτβίος..
735 2792 889 2830 ,Ἰταλιωτικῶν

143 2869 171 2904 καὶ
187 2869 320 2915 Συρακοσίων
336 2871 448 2914 τραπεζῶν
466 2866 540 2917 πλήρης.
557 2867 575 2900 et
595 2877 612 2912 p.
628 2864 663 2900 336
682 2864 708 2900 D:
726 2867 754 2902 τὸν
767 2868 792 2910 μὴ
804 2865 889 2911 δυνάμενον

143 2940 214 2987 Δωριστὶ
228 2942 270 2983 ζῆν.
281 2963 308 2983 ..,
322 2936 400 2973 διώκοντα
414 2936 467 2972 δὲ...
480 2939 508 2972 τὸν
521 2938 626 2974 Σικελικὸν
638 2937 690 2985 βίον.
