1932 3115
417 206 419 208 .
462 150 507 192 ias

107 320 151 352 τες.
169 318 191 363 p.
205 302 252 347 353
270 299 329 346 AB.
364 298 451 355 Eodem
468 303 570 361 spectant
588 315 646 359 quae
662 298 758 360 legimus
770 317 792 361 p.
806 301 854 345 354

108 389 143 434 D:
162 390 179 435 οἱ
196 390 240 446 yda
257 386 295 444 πρὸ
313 391 420 434 Διονυσίου
432 386 468 433 κοί
480 387 600 445 Ἱννιυρίνου
612 385 715 444 ν’ίρξνιντες
727 392 853 434 Σικελιῶται

106 477 155 533 τόθ’,
178 478 204 529 ὡς
221 475 295 536 ᾤοντο,
314 475 440 532 eucarpum
457 475 519 533 ἔζων,
537 475 657 533 τρυφῶντές
668 494 694 521 τε
705 475 741 521 nal
753 474 803 531 ίίρονι
815 475 852 534 ι’ίρ·

107 580 196 623 χοντες·
214 560 233 611 οἳ
249 563 285 610 aa}
302 564 351 615 τοὺς
368 563 420 609 δίκον
437 564 570 620 secernente
587 563 721 610 νυνέιιευυνιν
733 564 854 619 βάλλοντες

108 653 156 704 τοὺς
179 653 217 709 πρὸ
241 651 361 703 Διονυσίου,
385 652 445 698 κοινοί
465 651 525 706 νόριον
547 651 621 698 addita
642 651 762 709 κρίνοντες,
781 649 814 697 ἵννι
831 651 855 705 δὴ

108 740 221 787 δουλεύοιεν
238 739 310 795 μηδενί
327 740 384 795 μήτε
407 738 444 785 σὺν
461 738 507 797 δίον
524 740 581 793 μήτε
602 738 658 796 νόμῳ
674 738 777 798 δεσπότιν,
796 739 856 785 ἐλεύ-

109 828 158 884 ίεροι
171 827 188 873 δ’
197 824 237 873 εἷεν
248 826 320 880 adura
332 826 429 878 νινίννινς·
447 824 490 872 ίίεν
504 827 528 872 ιιί
538 825 656 884 τυρνιννίδες
669 825 763 881 ἐγένοντο
775 828 855 877 adroic.

143 912 167 958 Si
181 929 336 974 comparamus
345 912 389 963 ¹lios
401 911 474 968 locos,
487 917 579 973 apparet
591 911 685 958 eandem
699 912 785 958 narrari
795 928 855 968 rem,

110 1007 133 1046 at
156 1000 243 1047 diverso
265 999 339 1046 modo.
373 999 402 1046 In
419 999 492 1061 priore
509 999 559 1045 loco
580 999 689 1060 legimus,
707 999 816 1060 Dionysio
835 1005 857 1046 et

109 1087 250 1149 Hipparino,
274 1087 338 1134 alteri
360 1093 386 1133 ut
410 1087 458 1133 viro
481 1087 534 1132 lorti
557 1091 579 1132 et
600 1087 634 1133 rei
649 1086 754 1132 militaris
771 1087 860 1147 perito;

110 1174 174 1220 alteri
191 1179 218 1220 ut
235 1173 342 1236 prudenti
365 1173 501 1229 consultori,
525 1173 644 1235 imperium
661 1172 793 1219 mandatum
811 1190 858 1220 esse

110 1261 238 1318 coitibus,
261 1267 289 1308 ut
310 1279 323 1307 a
344 1260 542 1322 Carthagiensium
559 1260 711 1308 dominatione
729 1277 766 1307 eos
784 1260 859 1307 defen-

87 1402 91 1410 Χ
110 1349 195 1395 derent.
207 1347 237 1394 In
245 1348 367 1410 posteriore
376 1352 453 1394 autem
462 1348 564 1409 tyrannis
574 1348 677 1410 Dionysii
685 1352 739 1395 nata
748 1364 796 1394 esse
805 1347 858 1394 dici-

59 1438 62 1441 ”
109 1442 148 1482 tnr
164 1453 176 1482 e
194 1436 290 1482 civitatis
301 1437 412 1496 νίνννρχίρι,
427 1453 499 1498 quum
510 1437 581 1493 cives,
593 1437 679 1499 injuste
690 1436 769 1483 occisis
781 1435 858 1482 decem

110 1524 218 1580 ducibus,
235 1524 306 1571 nullis
324 1524 420 1587 amplius
432 1541 509 1586 parere
520 1525 609 1587 legibus
621 1524 711 1571 vellent.
738 1524 857 1571 Utvautem

109 1612 165 1658 haec
181 1612 240 1658 inter
257 1629 280 1658 se
297 1629 377 1674 parum
395 1618 536 1674 congruunt,
562 1612 595 1659 ita
617 1628 761 1674 nequaquam
778 1628 857 1658 eonve-

109 1700 177 1746 niunt
199 1716 251 1746 cum
277 1700 384 1761 iisquae
403 1716 430 1746 ex
446 1700 619 1757 historicorum,
637 1700 732 1747 Diodori
748 1700 859 1762 imprimis

109 1788 236 1834 narratione
248 1787 368 1845 discimus,
381 1789 479 1849 quirem
492 1789 524 1835 ita
535 1794 622 1845 narrat,
631 1788 671 1835 lib.
684 1787 753 1845 XIII,
763 1804 782 1834 c.
794 1789 858 1834 81-

111 1876 149 1920 96.
188 1874 267 1933 Quum
290 1875 461 1937 Carthagienses
484 1893 503 1922 a.
522 1878 569 1922 406
592 1892 673 1922 noram
694 1875 858 1938 expeditionem

110 1963 136 2009 in
152 1962 252 2009 Siciliam
270 1964 420 2025 suscepissem
438 1969 459 2010 et
475 1964 555 2011 urbem
572 1964 723 2026 Agrigentum
743 1963 859 2031 obsidione

98 2050 244 2106 cinxissent,
262 2050 401 2111 Daphnaeus
418 2051 501 2113 aliique
519 2052 587 2098 duces
605 2068 657 2098 omn
674 2051 743 2098 classe
762 2057 784 2097 et
800 2067 857 2098 exer·

112 2136 160 2183 citu
182 2153 195 2182 a
218 2136 363 2198 Syracusanis
386 2139 469 2185 auxilio
487 2139 621 2186 missisunt
640 2138 802 2201 Agrigentinis.
828 2137 860 2184 Hi

112 2225 137 2271 in
156 2224 236 2271 urbem
252 2226 336 2287 recepti
355 2242 407 2272 mox
428 2226 456 2273 ob
476 2227 584 2273 frumenti
599 2228 700 2289 inopiam
721 2231 792 2272 noctu
814 2242 861 2272 una

113 2328 165 2358 cum
194 2311 280 2358 civibus
308 2312 388 2359 urbem
414 2313 556 2374 reliquerunt
583 2319 605 2360 et
627 2303 769 2360 tradiderunt
791 2314 861 2360 hosti-

113 2398 163 2447 bus.
186 2399 243 2446 Inde
260 2399 379 2461 Syracusas
400 2401 482 2446 reversi
499 2401 637 2463 Daphnaeus
653 2402 746 2462 ejusque
762 2401 860 2463 collegae

114 2492 206 2550 propter
227 2487 328 2534 relictam
348 2487 428 2534 urbem
444 2488 469 2533 in
487 2488 593 2535 concione
610 2489 745 2550 proditionis
762 2489 861 2535 accusati

115 2581 176 2622 sunt.
211 2576 233 2621 Δ
258 2575 392 2637 quibusnam
410 2575 502 2622 autem?
536 2575 589 2622 Non
607 2593 620 2621 a
636 2576 808 2637 magistratibus
825 2575 862 2623 rel

114 2663 142 2708 ab
153 2663 181 2709 iis
196 2663 234 2725 qui
246 2668 295 2709 uate
309 2663 433 2725 Ιίίυνιροίιννν
445 2664 557 2722 imperium
569 2668 693 2721 ίυνιννονονιί,
702 2671 730 2710 ut
741 2663 797 2710 dicit
808 2663 862 2725 Ilpi-

114 2750 173 2796 stola
196 2751 221 2812 (οἱ
243 2750 282 2810 νιρί
303 2750 410 2798 Διονυσίου
432 2747 557 2812 ἄρξοντες),
582 2750 621 2797 sed
645 2751 785 2808 afactione,
804 2768 862 2813 quae

115 2837 155 2883 diu
176 2822 234 2884 ¹clam
250 2855 286 2883 res
303 2854 372 2884 noras
389 2837 480 2894 inolita,
498 2843 549 2884 tum
564 2838 664 2901 primum
679 2838 704 2885 in
720 2838 794 2892 lucem
812 2855 863 2901 pro·

116 2922 170 2980 diit,
195 2924 305 2986 cuiusque
328 2924 396 2971 duces
423 2928 486 2972 eraut
511 2924 560 2987 ipse
584 2925 707 2988 Dionysius
733 2931 756 2972 et
780 2924 862 2973 Philis-
