1932 3115
524 136 556 181 34

167 289 291 351 potuisset,
309 289 385 336 faciles
403 306 467 336 aures
483 289 589 351 praebuit
606 287 794 355 assentatoribus,
813 304 910 349 quorum

167 376 319 424 delationibus
344 377 439 424 factum
454 381 513 434 esse,
534 382 561 445 ut
587 377 631 424 Dio
653 394 665 424 e
684 377 757 440 patria
775 375 909 438 pelleretur,

167 464 234 510 Piato
250 465 329 511 multis
343 465 451 511 molestiis
464 464 560 511 afflictus
571 482 596 511 re
607 466 690 512 intecta
702 464 788 511 abierit.
806 464 838 509 At
848 463 911 509 brevi

168 551 304 614 Dionysium
320 552 431 599 factorum
447 552 566 615 poenituit.
593 553 637 599 Dio
655 553 715 599 enim
732 552 801 614 copiis
819 568 830 597 e
847 549 911 596 Pelo-

167 656 267 701 ponneso
291 640 393 687 adductis
410 640 477 687 ilium
494 657 613 702 aggressus
635 640 669 687 bis
686 639 790 687 liberavit
806 639 909 701 patriam.

168 726 211 774 Sed
228 727 308 774 Dionis
325 728 432 775 beneficio
449 727 556 789 indignos
571 744 594 774 se
605 728 758 793 praebuerunt
769 726 908 789 Syracusani.
958 753 963 761 ·

154 846 156 848 -
168 814 232 873 Quae
250 815 330 862 deinde
347 819 424 862 secuta
435 820 502 873 sunt,
520 815 586 877 piane
598 816 741 875 διιμνρννρινῶς
753 819 908 877 exponuntur:

166 899 206 950 οἷον
228 904 272 962 γαρ
294 903 394 960 νένονεν,
417 905 508 950 οἰκοῦσαι
529 904 572 962 χρὴ
593 903 642 956 ποὺς
664 905 703 961 ε’ριὲ
728 906 914 962 παρακαλοῦντας

166 992 216 1050 πρὸς
233 992 263 1038 cot
277 996 312 1038 νῦν
326 991 452 1053 πρανααπα
466 992 496 1053 (p.
510 992 556 1037 333
567 991 604 1053 O),
617 996 639 1038 et
650 991 728 1038 eodem
739 996 816 1037 tenore
828 995 907 1036 cetera.

166 1079 250 1137 Narrat
272 1079 368 1126 Dionem
389 1096 402 1124 a
424 1059 514 1125 duobus
530 1079 650 1136 tratribus,
667 1079 773 1142 profectis
791 1095 842 1124 oum
859 1078 908 1139 ipso

166 1167 262 1213 Athenis
280 1166 308 1212 ad
318 1167 446 1214 liberandos
459 1166 623 1228 Syracusanos,
638 1166 775 1213 trucidatum
787 1183 841 1212 esse.
865 1164 908 1211 Ne-

166 1255 247 1301 farium
263 1255 307 1301 hoc
324 1254 409 1311 scetus,
429 1254 541 1315 flagitiosa
557 1255 665 1301 iuvenum
683 1253 855 1301 Atheniensium
872 1253 909 1299 ad-

165 1359 241 1389 uersus
261 1326 358 1389 amicum
372 1342 475 1406 perfidia,
493 1343 672 1404 indignationem
688 1347 763 1388 mouet
780 1342 908 1404 scriptoris,

166 1431 216 1491 qui,
233 1429 279 1475 tale
289 1429 377 1476 facinus
388 1447 417 1476 ne
428 1430 532 1477 uniuerso
543 1430 718 1476 Atheniensium
729 1429 815 1492 populo
826 1429 908 1491 probro

165 1522 276 1574 vertatur,
289 1517 367 1579 objicit
381 1534 405 1563 se
421 1534 511 1579 quoque
527 1534 574 1564 esse
587 1519 657 1564 civem
666 1517 837 1564 Atheniensem:
849 1517 908 1577 φοραὶ

165 1606 208 1665 γαρ
225 1607 319 1653 κάκεῖνον
334 1606 443 1661 Ἀθηναῖον
459 1602 511 1653 εἷναι
525 1604 546 1658 ὃς
564 1607 587 1653 οὐ
604 1604 709 1663 προθδωκε
726 1606 762 1652 πον
779 1605 843 1652 αὐτὸν
859 1609 905 1652 ποῦ-

164 1711 199 1740 πον
216 1693 316 1754 (Δίωνα),
334 1692 378 1748 ἐξὸν
394 1694 504 1752 χρήματα
520 1694 556 1740 καί
574 1691 647 1745 ν’ίλλνις
665 1693 731 1749 τινας
748 1694 833 1744 πολλαὶς
848 1704 906 1748 λαρν-

163 1781 246 1837 βοίνειν,
264 1798 286 1843 p.
305 1782 353 1826 334
370 1780 397 1826 B.
415 1780 473 1842 Tum
494 1780 603 1838 ostendit,
622 1780 736 1842 quodnam
747 1781 777 1825 sit
788 1780 907 1826 discrimen

164 1868 223 1913 inter
235 1868 274 1921 πῖιν
288 1867 398 1925 ἐλευθέρας
414 1866 513 1920 παιδείας
524 1850 639 1924 αοινοινίαν,
651 1868 674 1914 h.
685 1884 703 1913 e.
716 1868 837 1914 amicitiam
849 1883 907 1913 com-

163 1954 228 2000 muni
243 1954 399 2016 phdosophiae
412 1954 477 2000 cuitu
488 1955 620 2011 conflatam,
639 1959 706 2016 atque
718 1955 834 2016 uulgarem
844 1954 907 2000 iilam

164 2047 187 2087 et
203 2041 312 2098 βοίνανσον
329 2041 447 2102 φιλθπκπα.

197 2128 312 2186 Quorsum
328 2128 383 2175 haec
401 2129 492 2176 omnia?
503 2128 532 2175 id
543 2146 572 2176 ne
583 2129 634 2190 quis
647 2134 751 2190 quaerat,
765 2129 828 2176 addit
839 2130 908 2192 scrip·

163 2219 211 2272 tor,
229 2233 251 2277 p.
270 2217 318 2262 334
336 2215 366 2261 O:
384 2219 449 2263 ταῦτ’
466 2216 545 2274 είρνρπαι
562 2216 638 2263 ποίνπα
654 2223 693 2272 πῆς
710 2216 835 2273 ξυμβουλῆς
844 2218 906 2265 ἕνεκα
932 2278 934 2281 v

163 2307 204 2348 πῶν
227 2306 328 2350 Διωνείων
352 2300 423 2363 φίλιον
445 2303 481 2350 καί
504 2303 622 2360 ξυγγενῶν.
653 2303 741 2350 Deinde
761 2304 844 2351 suadet
865 2305 906 2362 iis,

164 2390 225 2450 quod
247 2391 307 2437 idem
322 2392 369 2453 jam
386 2391 473 2454 pridem
490 2392 613 2454 Dionysio,
632 2398 682 2439 tum
698 2392 768 2439 Dioni
786 2385 905 2450 suasisset,

162 2478 193 2532 μὴ
215 2478 337 2526 δουλοῦσθαι
364 2480 466 2527 Σικελίαν
485 2480 521 2526 ὑπ’
537 2480 648 2538 ἀνθρώποις
665 2479 837 2532 decadarum...
855 2482 907 2528 αλλ’

159 2565 203 2630 ὑπὸ
229 2565 307 2626 νόμοις,
331 2583 360 2612 ne
383 2566 460 2613 Sicilia
482 2566 615 2629 subjiciatur
631 2567 749 2613 hominum
768 2566 906 2625 dominatui,

163 2651 203 2697 sed
219 2651 303 2714 legum.
326 2653 399 2711 Haec,
417 2636 505 2716 inquit,
524 2654 609 2701 ibidem
625 2654 660 2711 D,
678 2658 752 2702 παῖιπα
769 2659 848 2715 πρῶτον
868 2658 907 2712 μέν

162 2740 234 2786 Δίωνα
256 2742 298 2796 ἐγὼ
320 2743 452 2801 ἐπεχείρησα
472 2742 561 2797 πείθειν,
579 2743 672 2801 δεύτερον
690 2742 711 2789 δὲ
728 2743 845 2799 Διονύσιον7
863 2735 906 2804 πρί-

161 2844 209 2880 πονο
224 2828 246 2874 δὲ
258 2829 315 2885 ὑμεῖς
327 2834 376 2876 νῦν·
394 2831 432 2877 καί
448 2848 483 2888 ραοι
500 2830 595 2877 πείθεσθε
612 2829 663 2882 Διὸς
679 2830 749 2887 πρίπον
760 2838 852 2890 σωτῆρος
859 2833 905 2891 χοί-

161 2931 202 2974 ριν,
221 2912 269 2962 εἶτα
283 2915 312 2967 εἷς
330 2917 435 2963 Διονύσιον
452 2917 631 2974 βλέψαντεςκαὶ
650 2916 732 2975 Δίωνα,
751 2915 777 2963 ὧν
794 2920 804 2966 o‘
823 2920 862 2977 μὲν
873 2923 903 2977 μὴ
