1932 3115
440 161 484 204 rua

91 312 160 360 liuius
177 313 278 374 generis,
297 319 319 358 et
336 313 363 358 de
381 313 442 358 omni
459 312 571 359 animante
589 318 612 359 et
627 313 654 359 de
666 313 833 359 animorumin-

89 401 141 447 dole
158 406 180 447 et
197 401 225 447 de
242 400 347 447 omnibus
362 416 420 461 quae
439 400 533 447 facimus
550 418 576 447 ac
587 401 692 463 patimur
710 401 761 447 Nisi
773 401 832 448 enim

88 490 112 535 in
134 489 169 534 his
186 488 226 534 illa
244 493 342 549 quatuor
359 487 524 549 quodammodo
542 490 592 549 quis
609 494 697 544 teneat,
715 505 831 550 nunquam

89 576 186 638 perfecte
209 575 285 636 quinti
307 575 413 621 scientiae
436 575 548 638 particeps
572 576 620 622 erit.
649 576 686 622 Ad
703 576 756 623 haec
773 577 832 623 enirn

89 663 129 710 illa
146 680 193 709 uon
210 663 285 709 miuus
304 663 436 724 qualitatem
454 668 476 708 et
493 664 589 725 speciem
604 664 756 725 cuiusquerei
766 680 833 724 quam

90 751 209 797 essentiam
232 757 254 797 ct
277 752 323 797 vim
346 750 463 798 ostendere
486 756 595 797 conantur
611 756 701 813 propter
720 751 833 797 rationum

89 840 236 892 debilitatem.
270 839 415 901 Quapropter
436 855 503 884 nemo
525 839 608 885 mentis
632 856 727 900 compos·
743 839 834 886 audebit

88 943 190 988 unquam
207 926 289 996 1111111
306 926 422 973 includere
439 926 550 987 cogitata,
562 926 726 973 immutabilem
737 943 833 989 praeser-

88 1015 129 1060 tim
152 1015 177 1060 iu
199 1014 306 1069 formam,
330 1013 459 1060 cuiusmodi
482 1019 536 1060 sunt
557 1030 614 1074 quae
630 1014 701 1060 literis
718 1019 832 1060 notantur.

88 1103 139 1150 Hoc
163 1108 239 1149 autem
262 1102 323 1164 quod
346 1119 407 1149 111116
430 1102 477 1148 dixi
493 1119 571 1149 rursus
589 1107 622 1149 est
639 1101 833 1149 considerandum.

89 1190 193 1250 Quilibet
215 1191 325 1247 circnlus‚
350 1190 427 1252 quales
450 1191 475 1237 in
497 1191 555 1237 vitae
573 1207 616 1237 usu
633 1190 781 1247 adhibentur,
799 1190 835 1236 vel

88 1280 162 1342 pictus
185 1279 221 1325 rel
243 1286 309 1325 torno
332 1279 418 1335 factus,
437 1279 509 1325 multa
525 1279 594 1325 habet
612 1280 691 1341 quinto
710 1279 833 1325 contraria:

32 1361 33 1364 ¹
87 1367 241 1428 undequaque
262 1367 321 1413 enim
341 1367 397 1413 recti
413 1367 524 1429 particeps
543 1372 586 1423 est3
604 1368 679 1429 ipsum
695 1383 747 1413 vero
765 1368 835 1413 circu-

87 1456 137 1501 lum
153 1455 249 1501 fatemur
266 1454 324 1501 nibil
341 1470 382 1501 nee
399 1454 451 1517 plus
468 1471 509 1500 nec
525 1454 602 1501 minus
619 1455 684 1501 inse
701 1454 835 1501 1111111611-

89 1548 155 1589 turae
171 1542 215 1604 ipsi
233 1542 365 1588 contrariae.
382 1541 473 1588 Nomen
490 1558 581 1603 quoque
594 1543 728 1604 cuiusquam
739 1542 833 1588 istorum

89 1630 162 1676 ullum
179 1631 269 1677 firmum
287 1647 334 1676 esse
351 1646 473 1692 negamus:
491 1631 549 1676 nibil
566 1630 626 1677 enim
642 1635 704 1676 vetat
719 1638 781 1677 recta
797 1648 834 1676 vo-

88 1718 132 1765 cari
146 1734 204 1779 quae
214 1705 687 1780 11116161111111111111111111111011111116
697 1735 754 1779 quac
762 1724 833 1775 recta,

89 1822 163 1866 neque
180 1806 255 1852 minus
273 1806 337 1852 firma
354 1823 380 1853 ea
397 1807 444 1852 fore
461 1806 591 1853 nominibus
602 1807 627 1853 in
638 1807 775 1853 contrarium
786 1824 835 1853 mu-

88 1893 149 1939 tatis.
184 1892 269 1939 Eadem
287 1910 378 1954 quoque
396 1893 531 1940 definitionis
550 1895 607 1940 ratio
625 1901 670 1950 est,
689 1895 742 1956 quia
758 1912 784 1942 ex
796 1912 835 1941 no-

89 1979 189 2026 minibus
212 1987 234 2026 61
255 1980 327 2027 verbis
346 1986 380 2027 est
397 1982 533 2044 composita,
552 1992 578 2028 ut
595 1982 653 2028 nibil
669 1984 765 2029 istorum
782 1983 835 2029 satis

89 2066 171 2112 babeat
187 2067 307 2113 firmitatis.
341 2068 436 2115 Infinita
446 2086 524 2116 rursus
537 2070 672 2116 documenta
682 2070 779 2133 probant
787 2071 836 2117 illo·

90 2170 141 2199 rum
165 2160 262 2214 quatuor
284 2154 375 2202 nullum
393 2173 440 2203 esse
462 2162 560 2214 ccrtum;
578 2158 701 2205 maximum
717 2176 769 2205 vero
788 2164 833 2217 est,

90 2240 151 2302 quod
167 2241 235 2302 paulo
253 2247 306 2288 ante
323 2242 465 2300 dicebamur,
485 2245 559 2306 quod,
579 2247 686 2307 quoniam
703 2247 749 2294 duo
767 2253 834 2304 sunt,

40 2336 42 2339 '
90 2329 186 2375 essentia
208 2334 230 2375 et
253 2330 363 2390 qualitas,
388 2348 459 2392 quum
480 2333 569 2380 animus
586 2350 632 2380 non
649 2335 716 2395 quale
732 2335 787 2397 quid
805 2336 835 2382 sit

90 2415 129 2462 sed
152 2416 207 2477 quid
227 2417 257 2463 sit
274 2417 330 2464 seire
348 2425 452 2479 quaerat,
470 2420 515 2467 nisi
530 2421 622 2468 illorum
640 2427 738 2483 quatuor
754 2440 836 2470 unum-

91 2650 188 2685 delineato:
201 2650 267 2685 factum
280 2653 306 2686 est
319 2651 341 2687 ad
355 2650 473 2688 imitationem
486 2653 566 2689 Platonis
572 2655 655 2699 Phaedri,
670 2656 703 2692 Vid
712 2657 758 2692 infra
765 2670 782 2704 p.
793 2659 835 2694 200.

114 2721 133 2764 4)
146 2720 204 2767 Vulgo
218 2722 287 2758 κωλύειν.

115 2792 134 2836 5)
147 2791 214 2838 Vulgo:
230 2795 287 2835 ἱκανῶς
299 2795 376 2842 βεβαίως
389 2794 429 2832 εἶναι
440 2800 519 2844 βέβαιον.
545 2796 593 2851 Ejeci
606 2801 691 2846 βεβαίως,
705 2801 752 2847 qued
765 2801 835 2837 videtur
