1932 3115
515 139 546 186 36

146 291 257 359 ‘officium
273 293 378 356 redigant
394 295 449 343 οοίδοῖ
458 293 577 353 οιοοὶφόβῳ.
602 292 698 356 Oportet
711 311 763 357 ergo
774 295 799 342 in
811 311 901 358 quaque

158 384 249 431 civitate
270 384 338 432 rebus
360 385 479 448 praeficere
501 383 633 446 optimates,
660 384 699 446 qui
720 385 797 446 aequis
813 383 902 446 legibus

157 473 320 536 rempublicam
338 474 477 521 constituant
494 477 516 519 et
532 472 670 534 gubernent:
684 472 793 520 denorum
804 472 902 519 millium

158 561 245 608 civitati
264 562 428 624 quinquaginta
450 561 577 609 sufficiunt:
599 561 715 621 peplorum
740 562 801 609 πόλει
824 562 903 616 πεντή-

157 667 222 697 κοιτοο
239 650 312 698 traval.
329 668 351 713 p.
370 651 416 699 337
436 648 461 696 O.
495 649 557 696 Haec
575 655 641 707 sunt,
659 650 746 711 inquit,
765 666 823 711 quae
836 648 900 715 vobis

158 738 264 796 consulo,
282 738 370 800 gemina
386 737 426 785 illa
443 742 482 784 aut
499 738 645 802 proximaiis
663 754 721 799 quae
738 743 803 785 antea
816 737 901 799 Diony-

159 826 192 872 sio
210 831 233 873 et
243 843 315 889 nuper
327 826 471 889 Syracusanis
484 827 551 873 suasi.
560 854 594 862 —
602 810 716 889 Equidem
724 843 811 883 vereor,
826 842 855 873 ne
866 826 902 871 his

157 914 222 960 lectis
238 913 318 962 Dionis
335 904 458 977 propinqui
476 914 538 962 haud
560 913 633 967 multo
651 914 755 961 certiores
772 914 826 960 sacti
843 913 902 971 sint,

158 1002 214 1064 quid
231 1003 332 1065 angustis
349 1003 374 1050 in
389 1003 457 1050 rebus
472 1007 564 1065 agerent
575 1020 643 1065 quarn
656 1008 722 1050 antea
732 1002 840 1059 luissent,
852 1001 899 1047 imo
931 1060 933 1062 v

158 1108 187 1137 ne
203 1095 315 1154 postremo
333 1092 432 1138 evenerit
448 1092 476 1138 iis
488 1090 542 1139 ὥστε
558 1077 701 1143 retrochum
712 1093 824 1148 ἰλιγγιᾶν.

192 1178 235 1226 Η10
259 1181 388 1250 summatim
405 1180 512 1242 expositis
530 1180 639 1242 quisque,
658 1180 750 1243 opinor,
769 1178 901 1242 perspiciet,

160 1268 220 1329 qnod
238 1268 310 1331 ipsam
327 1269 451 1331 perlegenti
468 1268 587 1332 epistolam
604 1269 749 1316 manifestum
763 1269 815 1325 erit,
834 1269 904 1330 scrip·

159 1360 231 1403 torem
256 1357 304 1403 sine
327 1356 373 1403 ullo
397 1357 475 1405 ordine
497 1358 542 1404 hnc
564 1357 620 1404 illue
641 1357 729 1419 vagari,
755 1357 818 1420 prius
842 1355 902 1402 (licta

160 1450 273 1506 repetere,
291 1445 373 1492 ultima
383 1446 461 1508 primis
472 1446 578 1503 miscere,
591 1445 666 1492 omnia
677 1445 820 1491 confundere.
838 1443 903 1490 Prae-

160 1538 220 1580 terea
238 1534 360 1589 orationem
371 1533 462 1596 plenam
473 1551 521 1581 esse
533 1534 665 1595 conquisitis
677 1533 778 1595 undique
789 1531 902 1589 flosculis,

160 1620 278 1669 verborum
296 1622 402 1684 ampullis
420 1627 442 1669 et
459 1622 566 1684 argutiis,
582 1622 673 1684 tragicis
686 1621 802 1668 sententiis
814 1626 837 1667 et
847 1620 902 1667 loeis

159 1710 329 1767 communibus,
348 1727 406 1773 quae
422 1710 536 1758 interdum
553 1710 611 1758 nihil
629 1710 720 1757 adrem
737 1710 858 1772 pertinent.

191 1797 309 1860 Deinceps
327 1798 355 1845 ad
377 1793 468 1845 tertiam
484 1803 584 1860 partem,
602 1799 709 1845 ultimum
725 1799 768 1844 iter
785 1797 903 1859 Syracusa-

159 1903 227 1944 num,
249 1887 371 1933 transitum
394 1887 448 1934 facit
470 1887 505 1933 his
528 1887 614 1933 verbis:
636 1887 752 1945 Ξυμβοολὴ
769 1886 808 1943 μὲν
825 1886 849 1940 δὴ
866 1883 902 1932 nal

159 1975 261 2030 ἐπιστολὴ
278 1976 361 2034 statuta
379 1975 415 2022 κοιὶ
433 1977 445 2031 ἡ
463 1976 523 2034 napa
542 1975 647 2023 Διονύσιον
664 1976 705 2033 ἐμὴ
723 1973 814 2034 πρότεροι
829 1971 904 2032 ἄφιξις

160 2063 278 2125 (concinna
294 2063 413 2110 verborum
428 2064 537 2126 junctura
543 2064 568 2125 l),
587 2066 599 2118 ἡ
616 2063 638 2110 δὲ
655 2063 679 2119 u
696 2062 774 2121 ὑστέροο
791 2062 864 2121 nepeta
878 2080 902 2109 τε

159 2150 196 2197 nal
213 2155 281 2203 πλοῦς
298 2153 324 2203 ὡς
342 2151 427 2204 εἰκότως
444 2169 469 2198 τε
486 2149 537 2207 οἴμοι
553 2150 590 2198 καὶ
608 2152 707 2208 ἐμμελῶς
725 2150 826 2210 γέγονεν,
839 2145 854 2210 ᾧ
865 2149 904 2206 με’-

159 2249 192 2285 λει
209 2237 290 2286 οἰκούειο
311 2238 381 2295 ἔξεστι
403 2241 428 2287 τὸ
450 2239 510 2296 μετὰ
532 2243 601 2287 τοῦτο.
618 2256 640 2301 p.
659 2240 705 2286 3⁴37
724 2237 751 2284 Ε.
785 2236 839 2284 Non
857 2238 904 2283 sine

159 2326 246 2373 ratione
263 2326 337 2373 addit:
355 2344 431 2389 „quae
442 2325 520 2374 audiat
532 2327 569 2373 cui
580 2326 644 2374 lubet
649 2326 671 2384 ;''
689 2326 769 2373 Dionis
782 2326 904 2371 amicorum

159 2414 184 2459 in
200 2431 304 2477 praesens
321 2432 402 2477 parum
416 2423 472 2463 'sane
488 2416 596 2463 intererat
612 2416 656 2462 ista
673 2414 757 2461 audire.

168 2647 170 2652 y
195 2591 240 2638 ΙΠ.
267 2590 350 2639 Narrat
371 2592 442 2654 igitur
459 2591 542 2654 quihus
559 2591 685 2639 rationibus
702 2589 815 2636 adductus
832 2588 862 2634 sit
877 2593 904 2634 ut

160 2665 253 2725 tertium
269 2678 328 2725 illud
343 2678 387 2726 iter
404 2680 534 2742 susciperet.
569 2678 715 2725 lncrebuerat
730 2677 803 2732 lama,
821 2675 905 2737 Diony-

161 2766 220 2812 sium
241 2765 335 2828 flagrare
356 2783 435 2813 rursus
458 2783 532 2814 amore
548 2764 716 2828 philosophiae:
734 2766 761 2815 ὡς
778 2764 903 2819 3100111131

109 2921 111 2924 ἱ
161 2851 209 2901 ὅσοι
231 2853 336 2907 Διονύσιος
354 2854 480 2908 ἐπιδεδωκὼς
497 2853 528 2910 εἴη
548 2854 598 2913 πρὸς
615 2852 753 2913 φιλοσοφίοοις.
771 2867 793 2912 p.
812 2851 858 2896 339
876 2849 904 2896 Β.

161 2941 243 3003 Itaque
259 2942 403 3013 hortantibus
421 2943 496 2988 amicis
503 2977 510 2998 ,
524 2942 549 2987 in
559 2941 595 2987 his
606 2939 680 2986 Dione
692 2943 715 2985 et
725 2938 838 2999 Archyta,
850 2936 905 2983 invi·
947 2960 948 2964 =
