<?xml version="1.0" encoding="UTF-8"?>
<!DOCTYPE html PUBLIC "-//W3C//DTD XHTML 1.0 Transitional//EN"
    "http://www.w3.org/TR/xhtml1/DTD/xhtml1-transitional.dtd">
<html xmlns="http://www.w3.org/1999/xhtml" xml:lang="en" lang="en">
 <head>
  <title>
</title>
<meta http-equiv="Content-Type" content="text/html;charset=utf-8" />
  <meta name='ocr-system' content='tesseract 3.04.00' />
  <meta name='ocr-capabilities' content='ocr_page ocr_carea ocr_par ocr_line ocrx_word'/>
</head>
<body>
  <div class='ocr_page' id='page_1' title='image "./MN40058ucmf_4_0175.png"; bbox 0 0 1932 3115; ppageno 0'>
   <div class='ocr_carea' id='block_1_1' title="bbox 441 133 485 179">
    <p class='ocr_par' dir='ltr' id='par_1_1' title="bbox 441 133 485 179">
     <span class='ocr_line' id='line_1_1' title="bbox 441 133 485 179; baseline -0.023 0"><span class='ocrx_word' id='word_1_1' title='bbox 441 133 485 179; x_wconf 64' lang='lat' dir='ltr'>lah</span> 
     </span>
    </p>
   </div>
   <div class='ocr_carea' id='block_1_2' title="bbox 87 274 836 440">
    <p class='ocr_par' dir='ltr' id='par_1_2' title="bbox 87 274 836 440">
     <span class='ocr_line' id='line_1_2' title="bbox 87 274 836 351; baseline 0.001 -17"><span class='ocrx_word' id='word_1_2' title='bbox 87 303 136 334; x_wconf 77' lang='lat' dir='ltr'>&#39;non</span> <span class='ocrx_word' id='word_1_3' title='bbox 152 293 199 334; x_wconf 86' lang='lat' dir='ltr'>tam</span> <span class='ocrx_word' id='word_1_4' title='bbox 216 283 342 349; x_wconf 75' lang='lat' dir='ltr'>ignorantia</span> <span class='ocrx_word' id='word_1_5' title='bbox 359 286 394 332; x_wconf 86' lang='lat' dir='ltr'>vel</span> <span class='ocrx_word' id='word_1_6' title='bbox 411 274 498 334; x_wconf 82' lang='lat' dir='ltr'>incuria</span> <span class='ocrx_word' id='word_1_7' title='bbox 517 304 583 349; x_wconf 86' lang='lat' dir='ltr'>quarn</span> <span class='ocrx_word' id='word_1_8' title='bbox 600 288 652 334; x_wconf 84' lang='lat' dir='ltr'>odio</span> <span class='ocrx_word' id='word_1_9' title='bbox 665 293 687 335; x_wconf 87' lang='lat' dir='ltr'>et</span> <span class='ocrx_word' id='word_1_10' title='bbox 698 289 771 351; x_wconf 83' lang='lat' dir='ltr'>gratia</span> <span class='ocrx_word' id='word_1_11' title='bbox 782 289 836 336; x_wconf 87' lang='lat' dir='ltr'>duc-</span> 
     </span>
     <span class='ocr_line' id='line_1_3' title="bbox 90 375 836 440; baseline 0.003 -18"><span class='ocrx_word' id='word_1_12' title='bbox 90 381 134 422; x_wconf 85' lang='lat' dir='ltr'>tus.</span> <span class='ocrx_word' id='word_1_13' title='bbox 168 375 226 423; x_wconf 77' lang='lat' dir='ltr'>Tota</span> <span class='ocrx_word' id='word_1_14' title='bbox 248 375 308 422; x_wconf 89' lang='lat' dir='ltr'>enim</span> <span class='ocrx_word' id='word_1_15' title='bbox 329 375 424 437; x_wconf 87' lang='lat' dir='ltr'>epistola</span> <span class='ocrx_word' id='word_1_16' title='bbox 444 382 519 438; x_wconf 85' lang='lat' dir='ltr'>aperte</span> <span class='ocrx_word' id='word_1_17' title='bbox 537 377 620 438; x_wconf 86' lang='lat' dir='ltr'>scripta</span> <span class='ocrx_word' id='word_1_18' title='bbox 642 384 676 423; x_wconf 89' lang='lat' dir='ltr'>est</span> <span class='ocrx_word' id='word_1_19' title='bbox 699 377 727 424; x_wconf 86' lang='lat' dir='ltr'>ad</span> <span class='ocrx_word' id='word_1_20' title='bbox 749 377 836 440; x_wconf 81' lang='lat' dir='ltr'>ritupe·</span> 
     </span>
    </p>
   </div>
   <div class='ocr_carea' id='block_1_3' title="bbox 89 463 834 528">
    <p class='ocr_par' dir='ltr' id='par_1_3' title="bbox 89 463 834 528">
     <span class='ocr_line' id='line_1_4' title="bbox 89 463 834 528; baseline 0.003 -18"><span class='ocrx_word' id='word_1_21' title='bbox 89 465 186 519; x_wconf 88' lang='lat' dir='ltr'>randum</span> <span class='ocrx_word' id='word_1_22' title='bbox 206 464 354 526; x_wconf 83' lang='lat' dir='ltr'>Dionysium,</span> <span class='ocrx_word' id='word_1_23' title='bbox 372 463 511 528; x_wconf 84' lang='lat' dir='ltr'>laudandum</span> <span class='ocrx_word' id='word_1_24' title='bbox 529 464 639 522; x_wconf 82' lang='lat' dir='ltr'>Dionem,</span> <span class='ocrx_word' id='word_1_25' title='bbox 656 466 752 512; x_wconf 76' lang='lat' dir='ltr'>maxime</span> <span class='ocrx_word' id='word_1_26' title='bbox 769 482 834 521; x_wconf 81' lang='lat' dir='ltr'>vero,</span> 
     </span>
    </p>
   </div>
   <div class='ocr_carea' id='block_1_4' title="bbox 64 552 874 3067">
    <p class='ocr_par' dir='ltr' id='par_1_4' title="bbox 90 552 431 605">
     <span class='ocr_line' id='line_1_5' title="bbox 90 552 431 605; baseline -0.003 -6"><span class='ocrx_word' id='word_1_27' title='bbox 90 553 118 599; x_wconf 71' lang='lat' dir='ltr'>acl</span> <span class='ocrx_word' id='word_1_28' title='bbox 136 552 289 605; x_wconf 77' lang='lat' dir='ltr'>extollentium</span> <span class='ocrx_word' id='word_1_29' title='bbox 306 552 431 599; x_wconf 87' lang='lat' dir='ltr'>Platonem.</span> 
     </span>
    </p>

    <p class='ocr_par' dir='ltr' id='par_1_5' title="bbox 87 640 837 1939">
     <span class='ocr_line' id='line_1_6' title="bbox 124 640 836 703; baseline 0.001 -15"><span class='ocrx_word' id='word_1_30' title='bbox 124 640 193 699; x_wconf 69' lang='lat' dir='ltr'>Quod</span> <span class='ocrx_word' id='word_1_31' title='bbox 210 641 238 688; x_wconf 87' lang='lat' dir='ltr'>ad</span> <span class='ocrx_word' id='word_1_32' title='bbox 254 641 391 703; x_wconf 70' lang='lat' dir='ltr'>Dionysium</span> <span class='ocrx_word' id='word_1_33' title='bbox 408 641 502 698; x_wconf 83' lang='lat' dir='ltr'>attinet,</span> <span class='ocrx_word' id='word_1_34' title='bbox 520 641 563 687; x_wconf 87' lang='lat' dir='ltr'>etsi</span> <span class='ocrx_word' id='word_1_35' title='bbox 578 640 644 688; x_wconf 78' lang='lat' dir='ltr'>facile</span> <span class='ocrx_word' id='word_1_36' title='bbox 661 640 772 688; x_wconf 82' lang='lat' dir='ltr'>oredimus</span> <span class='ocrx_word' id='word_1_37' title='bbox 784 658 836 689; x_wconf 90' lang='lat' dir='ltr'>eum</span> 
     </span>
     <span class='ocr_line' id='line_1_7' title="bbox 90 728 835 791; baseline 0 -15"><span class='ocrx_word' id='word_1_38' title='bbox 90 729 196 777; x_wconf 88' lang='lat' dir='ltr'>maluisse</span> <span class='ocrx_word' id='word_1_39' title='bbox 218 729 310 776; x_wconf 85' lang='lat' dir='ltr'>doctum</span> <span class='ocrx_word' id='word_1_40' title='bbox 329 728 401 775; x_wconf 83' lang='lat' dir='ltr'>rideri</span> <span class='ocrx_word' id='word_1_41' title='bbox 418 745 486 790; x_wconf 85' lang='lat' dir='ltr'>quam</span> <span class='ocrx_word' id='word_1_42' title='bbox 504 745 563 786; x_wconf 82' lang='lat' dir='ltr'>esse,</span> <span class='ocrx_word' id='word_1_43' title='bbox 581 735 657 788; x_wconf 88' lang='lat' dir='ltr'>tamen</span> <span class='ocrx_word' id='word_1_44' title='bbox 673 746 747 791; x_wconf 86' lang='lat' dir='ltr'>neque</span> <span class='ocrx_word' id='word_1_45' title='bbox 763 731 835 789; x_wconf 65' lang='grc' dir='ltr'><em>ἀφυὴς</em></span> 
     </span>
     <span class='ocr_line' id='line_1_8' title="bbox 88 816 835 880; baseline 0 -16"><span class='ocrx_word' id='word_1_46' title='bbox 88 818 145 874; x_wconf 79' lang='lat' dir='ltr'>luit,</span> <span class='ocrx_word' id='word_1_47' title='bbox 163 823 189 864; x_wconf 88' lang='lat' dir='ltr'>ut</span> <span class='ocrx_word' id='word_1_48' title='bbox 207 818 255 880; x_wconf 88' lang='lat' dir='ltr'>ipsa</span> <span class='ocrx_word' id='word_1_49' title='bbox 274 816 369 879; x_wconf 87' lang='lat' dir='ltr'>epistola</span> <span class='ocrx_word' id='word_1_50' title='bbox 388 816 485 873; x_wconf 82' lang='lat' dir='ltr'>latetur,</span> <span class='ocrx_word' id='word_1_51' title='bbox 504 833 545 863; x_wconf 87' lang='lat' dir='ltr'>nec</span> <span class='ocrx_word' id='word_1_52' title='bbox 562 823 609 863; x_wconf 87' lang='lat' dir='ltr'>tam</span> <span class='ocrx_word' id='word_1_53' title='bbox 626 818 756 870; x_wconf 69' lang='grc' dir='ltr'><em>ἀπνίδεντνς</em></span> <span class='ocrx_word' id='word_1_54' title='bbox 768 833 835 879; x_wconf 89' lang='lat' dir='ltr'>quam</span> 
     </span>
     <span class='ocr_line' id='line_1_9' title="bbox 89 905 837 969; baseline 0.001 -17"><span class='ocrx_word' id='word_1_55' title='bbox 89 905 154 952; x_wconf 86' lang='lat' dir='ltr'>Plato</span> <span class='ocrx_word' id='word_1_56' title='bbox 173 923 224 953; x_wconf 87' lang='lat' dir='ltr'>eum</span> <span class='ocrx_word' id='word_1_57' title='bbox 241 906 310 953; x_wconf 86' lang='lat' dir='ltr'>luisse</span> <span class='ocrx_word' id='word_1_58' title='bbox 329 905 405 952; x_wconf 86' lang='lat' dir='ltr'>scribit</span> <span class='ocrx_word' id='word_1_59' title='bbox 411 925 423 963; x_wconf 69' lang='grc' dir='ltr'>ς,</span> <span class='ocrx_word' id='word_1_60' title='bbox 436 906 502 952; x_wconf 89' lang='lat' dir='ltr'>cuius</span> <span class='ocrx_word' id='word_1_61' title='bbox 514 906 547 952; x_wconf 88' lang='lat' dir='ltr'>rei</span> <span class='ocrx_word' id='word_1_62' title='bbox 559 911 690 967; x_wconf 84' lang='lat' dir='ltr'>argumento</span> <span class='ocrx_word' id='word_1_63' title='bbox 703 923 750 953; x_wconf 87' lang='lat' dir='ltr'>esse</span> <span class='ocrx_word' id='word_1_64' title='bbox 761 911 837 969; x_wconf 89' lang='lat' dir='ltr'>potest</span> 
     </span>
     <span class='ocr_line' id='line_1_10' title="bbox 89 993 836 1057; baseline 0 -17"><span class='ocrx_word' id='word_1_65' title='bbox 89 994 229 1041; x_wconf 72' lang='lat' dir='ltr'>consuetudo</span> <span class='ocrx_word' id='word_1_66' title='bbox 253 1011 310 1056; x_wconf 89' lang='lat' dir='ltr'>quae</span> <span class='ocrx_word' id='word_1_67' title='bbox 336 994 356 1040; x_wconf 92' lang='lat' dir='ltr'>ei</span> <span class='ocrx_word' id='word_1_68' title='bbox 373 1010 423 1040; x_wconf 87' lang='lat' dir='ltr'>enm</span> <span class='ocrx_word' id='word_1_69' title='bbox 441 993 563 1051; x_wconf 88' lang='lat' dir='ltr'>Helicone,</span> <span class='ocrx_word' id='word_1_70' title='bbox 586 995 713 1057; x_wconf 78' lang='lat' dir='ltr'>Aristippo,</span> <span class='ocrx_word' id='word_1_71' title='bbox 737 995 836 1056; x_wconf 70' lang='lat' dir='ltr'>Archyta</span> 
     </span>
     <span class='ocr_line' id='line_1_11' title="bbox 90 1082 836 1145; baseline -0.001 -15"><span class='ocrx_word' id='word_1_72' title='bbox 90 1083 184 1145; x_wconf 89' lang='lat' dir='ltr'>aliisque</span> <span class='ocrx_word' id='word_1_73' title='bbox 198 1083 346 1145; x_wconf 72' lang='lat' dir='ltr'>Pythagoreis</span> <span class='ocrx_word' id='word_1_74' title='bbox 361 1082 417 1138; x_wconf 76' lang='lat' dir='ltr'>fuit5</span> <span class='ocrx_word' id='word_1_75' title='bbox 430 1091 498 1143; x_wconf 85' lang='lat' dir='ltr'>atque</span> <span class='ocrx_word' id='word_1_76' title='bbox 510 1083 529 1127; x_wconf 91' lang='lat' dir='ltr'>si</span> <span class='ocrx_word' id='word_1_77' title='bbox 539 1082 600 1144; x_wconf 84' lang='lat' dir='ltr'>ipse,</span> <span class='ocrx_word' id='word_1_78' title='bbox 613 1088 640 1129; x_wconf 92' lang='lat' dir='ltr'>ut</span> <span class='ocrx_word' id='word_1_79' title='bbox 651 1083 746 1144; x_wconf 86' lang='lat' dir='ltr'>epistola</span> <span class='ocrx_word' id='word_1_80' title='bbox 754 1100 836 1130; x_wconf 90' lang='lat' dir='ltr'>memo-</span> 
     </span>
     <span class='ocr_line' id='line_1_12' title="bbox 89 1161 835 1234; baseline -0.001 -16"><span class='ocrx_word' id='word_1_81' title='bbox 89 1177 137 1229; x_wconf 84' lang='lat' dir='ltr'>rat,</span> <span class='ocrx_word' id='word_1_82' title='bbox 155 1172 238 1219; x_wconf 83' lang='lat' dir='ltr'>librum</span> <span class='ocrx_word' id='word_1_83' title='bbox 255 1171 283 1218; x_wconf 86' lang='lat' dir='ltr'>&lt;le</span> <span class='ocrx_word' id='word_1_84' title='bbox 300 1161 444 1234; x_wconf 73' lang='lat' dir='ltr'>philosophia</span> <span class='ocrx_word' id='word_1_85' title='bbox 461 1172 562 1233; x_wconf 77' lang='lat' dir='ltr'>scripsit,</span> <span class='ocrx_word' id='word_1_86' title='bbox 581 1172 604 1218; x_wconf 83' lang='lat' dir='ltr'>id</span> <span class='ocrx_word' id='word_1_87' title='bbox 622 1188 675 1218; x_wconf 86' lang='lat' dir='ltr'>sane</span> <span class='ocrx_word' id='word_1_88' title='bbox 691 1172 772 1234; x_wconf 83' lang='lat' dir='ltr'>probat</span> <span class='ocrx_word' id='word_1_89' title='bbox 784 1188 835 1231; x_wconf 89' lang='lat' dir='ltr'>eum</span> 
     </span>
     <span class='ocr_line' id='line_1_13' title="bbox 89 1258 836 1322; baseline 0 -15"><span class='ocrx_word' id='word_1_90' title='bbox 89 1278 135 1307; x_wconf 84' lang='lat' dir='ltr'>aon</span> <span class='ocrx_word' id='word_1_91' title='bbox 156 1262 188 1307; x_wconf 83' lang='lat' dir='ltr'>ita</span> <span class='ocrx_word' id='word_1_92' title='bbox 207 1261 286 1309; x_wconf 79' lang='lat' dir='ltr'>leviter</span> <span class='ocrx_word' id='word_1_93' title='bbox 302 1277 350 1307; x_wconf 88' lang='lat' dir='ltr'>rem</span> <span class='ocrx_word' id='word_1_94' title='bbox 368 1261 474 1322; x_wconf 72' lang='lat' dir='ltr'>attigisse.</span> <span class='ocrx_word' id='word_1_95' title='bbox 509 1258 591 1322; x_wconf 87' lang='lat' dir='ltr'>Neque</span> <span class='ocrx_word' id='word_1_96' title='bbox 608 1276 660 1306; x_wconf 82' lang='lat' dir='ltr'>vcro</span> <span class='ocrx_word' id='word_1_97' title='bbox 678 1260 797 1317; x_wconf 83' lang='lat' dir='ltr'>credibile,</span> <span class='ocrx_word' id='word_1_98' title='bbox 816 1261 836 1307; x_wconf 92' lang='lat' dir='ltr'>si</span> 
     </span>
     <span class='ocr_line' id='line_1_14' title="bbox 89 1348 835 1411; baseline -0.001 -16"><span class='ocrx_word' id='word_1_99' title='bbox 89 1348 210 1410; x_wconf 79' lang='lat' dir='ltr'>Dionysius</span> <span class='ocrx_word' id='word_1_100' title='bbox 234 1354 280 1395; x_wconf 87' lang='lat' dir='ltr'>tam</span> <span class='ocrx_word' id='word_1_101' title='bbox 302 1349 387 1395; x_wconf 90' lang='lat' dir='ltr'>alienus</span> <span class='ocrx_word' id='word_1_102' title='bbox 410 1349 489 1395; x_wconf 80' lang='lat' dir='ltr'>hrisset</span> <span class='ocrx_word' id='word_1_103' title='bbox 513 1349 698 1411; x_wconf 85' lang='lat' dir='ltr'>aphilosophia,</span> <span class='ocrx_word' id='word_1_104' title='bbox 716 1348 835 1395; x_wconf 81' lang='lat' dir='ltr'>Platonem</span> 
     </span>
     <span class='ocr_line' id='line_1_15' title="bbox 89 1436 834 1499; baseline -0.001 -16"><span class='ocrx_word' id='word_1_105' title='bbox 89 1444 128 1483; x_wconf 89' lang='lat' dir='ltr'>aut</span> <span class='ocrx_word' id='word_1_106' title='bbox 156 1438 238 1484; x_wconf 89' lang='lat' dir='ltr'>iterum</span> <span class='ocrx_word' id='word_1_107' title='bbox 264 1436 384 1498; x_wconf 76' lang='lat' dir='ltr'>Syracusas</span> <span class='ocrx_word' id='word_1_108' title='bbox 409 1439 536 1499; x_wconf 75' lang='lat' dir='ltr'>proiectum</span> <span class='ocrx_word' id='word_1_109' title='bbox 561 1443 600 1484; x_wconf 86' lang='lat' dir='ltr'>aut</span> <span class='ocrx_word' id='word_1_110' title='bbox 622 1437 724 1484; x_wconf 82' lang='lat' dir='ltr'>tamdiu</span> <span class='ocrx_word' id='word_1_111' title='bbox 744 1438 834 1483; x_wconf 87' lang='lat' dir='ltr'>ineius</span> 
     </span>
     <span class='ocr_line' id='line_1_16' title="bbox 89 1524 834 1587; baseline 0 -17"><span class='ocrx_word' id='word_1_112' title='bbox 89 1524 141 1570; x_wconf 91' lang='lat' dir='ltr'>aula</span> <span class='ocrx_word' id='word_1_113' title='bbox 158 1529 319 1571; x_wconf 90' lang='lat' dir='ltr'>commoratum</span> <span class='ocrx_word' id='word_1_114' title='bbox 334 1524 417 1582; x_wconf 78' lang='lat' dir='ltr'>fuisse3</span> <span class='ocrx_word' id='word_1_115' title='bbox 436 1524 497 1586; x_wconf 76' lang='lat' dir='ltr'>quorl</span> <span class='ocrx_word' id='word_1_116' title='bbox 514 1529 604 1587; x_wconf 88' lang='lat' dir='ltr'>tempus</span> <span class='ocrx_word' id='word_1_117' title='bbox 622 1540 668 1571; x_wconf 84' lang='lat' dir='ltr'>uon</span> <span class='ocrx_word' id='word_1_118' title='bbox 686 1541 751 1571; x_wconf 90' lang='lat' dir='ltr'>omne</span> <span class='ocrx_word' id='word_1_119' title='bbox 767 1524 834 1586; x_wconf 85' lang='lat' dir='ltr'>nugis</span> 
     </span>
     <span class='ocr_line' id='line_1_17' title="bbox 89 1613 834 1675; baseline 0 -17"><span class='ocrx_word' id='word_1_120' title='bbox 89 1617 111 1658; x_wconf 91' lang='lat' dir='ltr'>et</span> <span class='ocrx_word' id='word_1_121' title='bbox 125 1613 206 1675; x_wconf 84' lang='lat' dir='ltr'>jurgiis</span> <span class='ocrx_word' id='word_1_122' title='bbox 223 1618 376 1670; x_wconf 84' lang='lat' dir='ltr'>transactum,</span> <span class='ocrx_word' id='word_1_123' title='bbox 392 1613 434 1668; x_wconf 51' lang='lat' dir='ltr'>,sed</span> <span class='ocrx_word' id='word_1_124' title='bbox 451 1613 534 1675; x_wconf 88' lang='lat' dir='ltr'>partim</span> <span class='ocrx_word' id='word_1_125' title='bbox 551 1618 611 1660; x_wconf 89' lang='lat' dir='ltr'>certe</span> <span class='ocrx_word' id='word_1_126' title='bbox 627 1613 791 1660; x_wconf 80' lang='lat' dir='ltr'>mathematicis</span> <span class='ocrx_word' id='word_1_127' title='bbox 811 1619 834 1660; x_wconf 90' lang='lat' dir='ltr'>et</span> 
     </span>
     <span class='ocr_line' id='line_1_18' title="bbox 87 1700 835 1764; baseline -0.001 -17"><span class='ocrx_word' id='word_1_128' title='bbox 87 1701 185 1763; x_wconf 80' lang='lat' dir='ltr'>politicis</span> <span class='ocrx_word' id='word_1_129' title='bbox 202 1700 269 1749; x_wconf 84' lang='lat' dir='ltr'>rebus</span> <span class='ocrx_word' id='word_1_130' title='bbox 286 1702 426 1764; x_wconf 87' lang='lat' dir='ltr'>impertitum</span> <span class='ocrx_word' id='word_1_131' title='bbox 442 1702 512 1748; x_wconf 74' lang='lat' dir='ltr'>trisse</span> <span class='ocrx_word' id='word_1_132' title='bbox 528 1702 577 1763; x_wconf 89' lang='lat' dir='ltr'>ipsa</span> <span class='ocrx_word' id='word_1_133' title='bbox 595 1701 689 1763; x_wconf 88' lang='lat' dir='ltr'>epistola</span> <span class='ocrx_word' id='word_1_134' title='bbox 706 1700 793 1747; x_wconf 85' lang='lat' dir='ltr'>indicat</span> <span class='ocrx_word' id='word_1_135' title='bbox 813 1706 835 1747; x_wconf 89' lang='lat' dir='ltr'>et</span> 
     </span>
     <span class='ocr_line' id='line_1_19' title="bbox 89 1788 833 1852; baseline 0 -17"><span class='ocrx_word' id='word_1_136' title='bbox 89 1789 170 1836; x_wconf 85' lang='lat' dir='ltr'>diserte</span> <span class='ocrx_word' id='word_1_137' title='bbox 188 1789 299 1836; x_wconf 88' lang='lat' dir='ltr'>affirmant</span> <span class='ocrx_word' id='word_1_138' title='bbox 315 1789 424 1836; x_wconf 78' lang='lat' dir='ltr'>historici.</span> <span class='ocrx_word' id='word_1_139' title='bbox 460 1788 513 1836; x_wconf 72' lang='lat' dir='ltr'>tid.</span> <span class='ocrx_word' id='word_1_140' title='bbox 534 1789 576 1852; x_wconf 75' lang='lat' dir='ltr'>ap.</span> <span class='ocrx_word' id='word_1_141' title='bbox 594 1788 654 1845; x_wconf 79' lang='lat' dir='ltr'>VH,</span> <span class='ocrx_word' id='word_1_142' title='bbox 674 1791 721 1835; x_wconf 78' lang='lat'>332</span> <span class='ocrx_word' id='word_1_143' title='bbox 739 1788 765 1835; x_wconf 75' lang='lat' dir='ltr'>E.</span> <span class='ocrx_word' id='word_1_144' title='bbox 783 1788 833 1845; x_wconf 82' lang='lat' dir='ltr'>HI,</span> 
     </span>
     <span class='ocr_line' id='line_1_20' title="bbox 87 1870 727 1939; baseline 0.002 -16"><span class='ocrx_word' id='word_1_145' title='bbox 87 1894 109 1939; x_wconf 92' lang='lat' dir='ltr'>p.</span> <span class='ocrx_word' id='word_1_146' title='bbox 129 1879 175 1924; x_wconf 80' lang='grc'>319</span> <span class='ocrx_word' id='word_1_147' title='bbox 194 1877 213 1924; x_wconf 87' lang='grc' dir='ltr'>Β</span> <span class='ocrx_word' id='word_1_148' title='bbox 231 1877 260 1935; x_wconf 80' lang='lat' dir='ltr'>O,</span> <span class='ocrx_word' id='word_1_149' title='bbox 280 1870 302 1925; x_wconf 87' lang='lat' dir='ltr'>et</span> <span class='ocrx_word' id='word_1_150' title='bbox 319 1881 367 1925; x_wconf 78' lang='grc'>316</span> <span class='ocrx_word' id='word_1_151' title='bbox 386 1879 413 1925; x_wconf 76' lang='lat' dir='ltr'>A.</span> <span class='ocrx_word' id='word_1_152' title='bbox 431 1878 546 1925; x_wconf 83' lang='lat' dir='ltr'>Plutarch.</span> <span class='ocrx_word' id='word_1_153' title='bbox 565 1872 633 1925; x_wconf 88' lang='lat' dir='ltr'>Dion.</span> <span class='ocrx_word' id='word_1_154' title='bbox 652 1895 670 1924; x_wconf 92' lang='lat' dir='ltr'>c.</span> <span class='ocrx_word' id='word_1_155' title='bbox 691 1879 727 1925; x_wconf 80' lang='lat' dir='ltr'>l3.</span> 
     </span>
    </p>

    <p class='ocr_par' dir='ltr' id='par_1_6' title="bbox 86 1965 874 2649">
     <span class='ocr_line' id='line_1_21' title="bbox 121 1965 834 2031; baseline -0.001 -18"><span class='ocrx_word' id='word_1_156' title='bbox 121 1965 190 2025; x_wconf 71' lang='lat' dir='ltr'>Quod</span> <span class='ocrx_word' id='word_1_157' title='bbox 211 1972 285 2014; x_wconf 90' lang='lat' dir='ltr'>autem</span> <span class='ocrx_word' id='word_1_158' title='bbox 306 1967 335 2014; x_wconf 74' lang='lat' dir='ltr'>arl</span> <span class='ocrx_word' id='word_1_159' title='bbox 351 1967 402 2014; x_wconf 86' lang='lat' dir='ltr'>lites</span> <span class='ocrx_word' id='word_1_160' title='bbox 419 1967 555 2031; x_wconf 80' lang='lat' dir='ltr'>Dionysium</span> <span class='ocrx_word' id='word_1_161' title='bbox 572 1968 631 2014; x_wconf 86' lang='lat' dir='ltr'>inter</span> <span class='ocrx_word' id='word_1_162' title='bbox 649 1974 672 2014; x_wconf 91' lang='lat' dir='ltr'>et</span> <span class='ocrx_word' id='word_1_163' title='bbox 688 1966 786 2013; x_wconf 84' lang='lat' dir='ltr'>Dionem</span> <span class='ocrx_word' id='word_1_164' title='bbox 803 1972 834 2013; x_wconf 89' lang='lat' dir='ltr'>at-</span> 
     </span>
     <span class='ocr_line' id='line_1_22' title="bbox 87 2055 874 2123; baseline 0.001 -22"><span class='ocrx_word' id='word_1_165' title='bbox 87 2055 157 2113; x_wconf 86' lang='lat' dir='ltr'>tinet,</span> <span class='ocrx_word' id='word_1_166' title='bbox 176 2055 272 2118; x_wconf 89' lang='lat' dir='ltr'>epistola</span> <span class='ocrx_word' id='word_1_167' title='bbox 291 2073 380 2104; x_wconf 87' lang='lat' dir='ltr'>omnem</span> <span class='ocrx_word' id='word_1_168' title='bbox 392 2057 482 2120; x_wconf 85' lang='lat' dir='ltr'>eulpam</span> <span class='ocrx_word' id='word_1_169' title='bbox 494 2058 519 2104; x_wconf 90' lang='lat' dir='ltr'>in</span> <span class='ocrx_word' id='word_1_170' title='bbox 530 2063 652 2118; x_wconf 74' lang='lat' dir='ltr'>tyrannum</span> <span class='ocrx_word' id='word_1_171' title='bbox 664 2056 761 2113; x_wconf 74' lang='lat' dir='ltr'>confert,</span> <span class='ocrx_word' id='word_1_172' title='bbox 774 2055 835 2117; x_wconf 82' lang='lat' dir='ltr'>quod</span> <span class='ocrx_word' id='word_1_173' title='bbox 873 2120 874 2123; x_wconf 10' lang='grc' dir='ltr'><strong>Ἰ</strong></span> 
     </span>
     <span class='ocr_line' id='line_1_23' title="bbox 88 2144 836 2208; baseline 0 -18"><span class='ocrx_word' id='word_1_174' title='bbox 88 2149 144 2190; x_wconf 90' lang='lat' dir='ltr'>esset</span> <span class='ocrx_word' id='word_1_175' title='bbox 165 2144 302 2202; x_wconf 77' lang='lat' dir='ltr'>invidiosus,</span> <span class='ocrx_word' id='word_1_176' title='bbox 326 2147 444 2208; x_wconf 79' lang='lat' dir='ltr'>suspicax,</span> <span class='ocrx_word' id='word_1_177' title='bbox 464 2145 652 2193; x_wconf 86' lang='lat' dir='ltr'>calumniatorum</span> <span class='ocrx_word' id='word_1_178' title='bbox 669 2145 766 2191; x_wconf 87' lang='lat' dir='ltr'>susurris</span> <span class='ocrx_word' id='word_1_179' title='bbox 783 2144 836 2191; x_wconf 81' lang='lat' dir='ltr'>faei-</span> 
     </span>
     <span class='ocr_line' id='line_1_24' title="bbox 86 2232 835 2297; baseline 0 -18"><span class='ocrx_word' id='word_1_180' title='bbox 86 2232 120 2278; x_wconf 89' lang='lat' dir='ltr'>les</span> <span class='ocrx_word' id='word_1_181' title='bbox 138 2250 202 2280; x_wconf 88' lang='lat' dir='ltr'>aures</span> <span class='ocrx_word' id='word_1_182' title='bbox 219 2234 336 2295; x_wconf 89' lang='lat' dir='ltr'>praebens.</span> <span class='ocrx_word' id='word_1_183' title='bbox 354 2236 455 2297; x_wconf 77' lang='lat' dir='ltr'>Apparet</span> <span class='ocrx_word' id='word_1_184' title='bbox 471 2239 546 2281; x_wconf 88' lang='lat' dir='ltr'>tamen</span> <span class='ocrx_word' id='word_1_185' title='bbox 559 2234 646 2290; x_wconf 77' lang='lat' dir='ltr'>ambm,</span> <span class='ocrx_word' id='word_1_186' title='bbox 657 2235 704 2297; x_wconf 76' lang='lat' dir='ltr'>jam</span> <span class='ocrx_word' id='word_1_187' title='bbox 716 2238 835 2295; x_wconf 87' lang='lat' dir='ltr'>antequam</span> 
     </span>
     <span class='ocr_line' id='line_1_25' title="bbox 86 2321 835 2385; baseline 0 -18"><span class='ocrx_word' id='word_1_188' title='bbox 86 2324 191 2368; x_wconf 87' lang='lat' dir='ltr'>mortuus</span> <span class='ocrx_word' id='word_1_189' title='bbox 214 2326 247 2368; x_wconf 88' lang='lat' dir='ltr'>est</span> <span class='ocrx_word' id='word_1_190' title='bbox 270 2321 393 2384; x_wconf 73' lang='lat' dir='ltr'>Dionysius</span> <span class='ocrx_word' id='word_1_191' title='bbox 418 2327 494 2385; x_wconf 83' lang='lat' dir='ltr'>pater,</span> <span class='ocrx_word' id='word_1_192' title='bbox 521 2322 549 2369; x_wconf 80' lang='lat' dir='ltr'>(le</span> <span class='ocrx_word' id='word_1_193' title='bbox 574 2322 703 2385; x_wconf 87' lang='lat' dir='ltr'>principatu</span> <span class='ocrx_word' id='word_1_194' title='bbox 727 2321 787 2372; x_wconf 77' lang='lat' dir='ltr'>inter</span> <span class='ocrx_word' id='word_1_195' title='bbox 812 2337 835 2367; x_wconf 85' lang='lat' dir='ltr'>se</span> 
     </span>
     <span class='ocr_line' id='line_1_26' title="bbox 86 2409 835 2473; baseline 0 -18"><span class='ocrx_word' id='word_1_196' title='bbox 86 2410 241 2467; x_wconf 82' lang='lat' dir='ltr'>contendisse,</span> <span class='ocrx_word' id='word_1_197' title='bbox 271 2417 294 2456; x_wconf 87' lang='lat' dir='ltr'>et</span> <span class='ocrx_word' id='word_1_198' title='bbox 316 2411 417 2472; x_wconf 79' lang='lat' dir='ltr'>quamvis</span> <span class='ocrx_word' id='word_1_199' title='bbox 439 2410 484 2456; x_wconf 85' lang='lat' dir='ltr'>Dio</span> <span class='ocrx_word' id='word_1_200' title='bbox 501 2411 616 2473; x_wconf 86' lang='lat' dir='ltr'>praeclara</span> <span class='ocrx_word' id='word_1_201' title='bbox 632 2410 702 2456; x_wconf 81' lang='lat' dir='ltr'>irrerit</span> <span class='ocrx_word' id='word_1_202' title='bbox 718 2409 794 2456; x_wconf 84' lang='lat' dir='ltr'>indole</span> <span class='ocrx_word' id='word_1_203' title='bbox 812 2415 835 2456; x_wconf 87' lang='lat' dir='ltr'>et</span> 
     </span>
     <span class='ocr_line' id='line_1_27' title="bbox 86 2496 835 2560; baseline 0 -17"><span class='ocrx_word' id='word_1_204' title='bbox 86 2497 174 2558; x_wconf 85' lang='lat' dir='ltr'>magnis</span> <span class='ocrx_word' id='word_1_205' title='bbox 195 2498 281 2559; x_wconf 85' lang='lat' dir='ltr'>ingenii</span> <span class='ocrx_word' id='word_1_206' title='bbox 303 2498 417 2559; x_wconf 85' lang='lat' dir='ltr'>animique</span> <span class='ocrx_word' id='word_1_207' title='bbox 439 2498 560 2545; x_wconf 72' lang='lat' dir='ltr'>virtutibus</span> <span class='ocrx_word' id='word_1_208' title='bbox 577 2496 707 2560; x_wconf 82' lang='lat' dir='ltr'>praeditus,</span> <span class='ocrx_word' id='word_1_209' title='bbox 725 2496 785 2544; x_wconf 79' lang='lat' dir='ltr'>idem</span> <span class='ocrx_word' id='word_1_210' title='bbox 802 2502 835 2543; x_wconf 83' lang='lat' dir='ltr'>ta-</span> 
     </span>
     <span class='ocr_line' id='line_1_28' title="bbox 87 2585 835 2649; baseline 0.003 -19"><span class='ocrx_word' id='word_1_211' title='bbox 87 2600 139 2630; x_wconf 88' lang='lat' dir='ltr'>men</span> <span class='ocrx_word' id='word_1_212' title='bbox 161 2590 208 2631; x_wconf 87' lang='lat' dir='ltr'>erat</span> <span class='ocrx_word' id='word_1_213' title='bbox 230 2586 321 2632; x_wconf 87' lang='lat' dir='ltr'>honoris</span> <span class='ocrx_word' id='word_1_214' title='bbox 344 2586 440 2649; x_wconf 84' lang='lat' dir='ltr'>cupidus</span> <span class='ocrx_word' id='word_1_215' title='bbox 461 2591 483 2632; x_wconf 88' lang='lat' dir='ltr'>et</span> <span class='ocrx_word' id='word_1_216' title='bbox 500 2586 528 2632; x_wconf 86' lang='lat' dir='ltr'>ad</span> <span class='ocrx_word' id='word_1_217' title='bbox 545 2585 703 2649; x_wconf 84' lang='lat' dir='ltr'>imperandum</span> <span class='ocrx_word' id='word_1_218' title='bbox 720 2602 788 2647; x_wconf 88' lang='lat' dir='ltr'>quam</span> <span class='ocrx_word' id='word_1_219' title='bbox 806 2585 835 2632; x_wconf 80' lang='lat' dir='ltr'>ad</span> 
     </span>
    </p>

    <p class='ocr_par' dir='ltr' id='par_1_7' title="bbox 64 2673 834 2997">
     <span class='ocr_line' id='line_1_29' title="bbox 64 2673 834 2737; baseline 0.003 -19"><span class='ocrx_word' id='word_1_220' title='bbox 64 2728 66 2732; x_wconf 15' lang='lat' dir='ltr'>y</span> <span class='ocrx_word' id='word_1_221' title='bbox 86 2674 210 2734; x_wconf 83' lang='lat' dir='ltr'>parendum</span> <span class='ocrx_word' id='word_1_222' title='bbox 223 2674 354 2737; x_wconf 80' lang='lat' dir='ltr'>proclivior.</span> <span class='ocrx_word' id='word_1_223' title='bbox 382 2674 491 2737; x_wconf 84' lang='lat' dir='ltr'>Superbia</span> <span class='ocrx_word' id='word_1_224' title='bbox 509 2676 556 2721; x_wconf 89' lang='lat' dir='ltr'>eius</span> <span class='ocrx_word' id='word_1_225' title='bbox 574 2679 597 2720; x_wconf 91' lang='lat' dir='ltr'>et</span> <span class='ocrx_word' id='word_1_226' title='bbox 614 2675 716 2722; x_wconf 76' lang='grc' dir='ltr'><em>ννύθνδείνν</em></span> <span class='ocrx_word' id='word_1_227' title='bbox 733 2673 834 2736; x_wconf 85' lang='lat' dir='ltr'>tangitur</span> 
     </span>
     <span class='ocr_line' id='line_1_30' title="bbox 85 2759 833 2823; baseline 0.005 -19"><span class='ocrx_word' id='word_1_228' title='bbox 85 2759 110 2805; x_wconf 91' lang='lat' dir='ltr'>in</span> <span class='ocrx_word' id='word_1_229' title='bbox 126 2759 228 2823; x_wconf 76' lang='lat' dir='ltr'>Epistola</span> <span class='ocrx_word' id='word_1_230' title='bbox 246 2761 281 2808; x_wconf 81' lang='lat' dir='ltr'>IV</span> <span class='ocrx_word' id='word_1_231' title='bbox 298 2762 340 2809; x_wconf 88' lang='lat' dir='ltr'>suh</span> <span class='ocrx_word' id='word_1_232' title='bbox 358 2763 438 2810; x_wconf 83' lang='lat' dir='ltr'>finem:</span> <span class='ocrx_word' id='word_1_233' title='bbox 461 2764 547 2819; x_wconf 70' lang='grc' dir='ltr'><em>ἐνθυμοῦ</em></span> <span class='ocrx_word' id='word_1_234' title='bbox 565 2762 587 2809; x_wconf 76' lang='grc' dir='ltr'>δὲ</span> <span class='ocrx_word' id='word_1_235' title='bbox 604 2762 640 2809; x_wconf 67' lang='lat' dir='ltr'>aa}</span> <span class='ocrx_word' id='word_1_236' title='bbox 658 2760 690 2809; x_wconf 68' lang='grc' dir='ltr'>ἔτι</span> <span class='ocrx_word' id='word_1_237' title='bbox 702 2762 767 2814; x_wconf 73' lang='grc' dir='ltr'><em>δοκεῖς</em></span> <span class='ocrx_word' id='word_1_238' title='bbox 779 2761 833 2809; x_wconf 71' lang='grc' dir='ltr'><em>τισὶν</em></span> 
     </span>
     <span class='ocr_line' id='line_1_31' title="bbox 86 2847 833 2910; baseline 0.004 -17"><span class='ocrx_word' id='word_1_239' title='bbox 86 2847 218 2908; x_wconf 72' lang='grc' dir='ltr'>ἐνδεεστέρως</span> <span class='ocrx_word' id='word_1_240' title='bbox 246 2853 283 2897; x_wconf 77' lang='grc' dir='ltr'>τοῦ</span> <span class='ocrx_word' id='word_1_241' title='bbox 309 2852 446 2909; x_wconf 69' lang='grc' dir='ltr'>προσήκοντος</span> <span class='ocrx_word' id='word_1_242' title='bbox 471 2850 620 2910; x_wconf 74' lang='grc' dir='ltr'>θερνπεντνκὸς</span> <span class='ocrx_word' id='word_1_243' title='bbox 646 2847 712 2898; x_wconf 67' lang='lat' dir='ltr'>sirac·</span> <span class='ocrx_word' id='word_1_244' title='bbox 743 2851 774 2907; x_wconf 70' lang='grc' dir='ltr'>μὴ</span> <span class='ocrx_word' id='word_1_245' title='bbox 799 2847 833 2896; x_wconf 72' lang='grc' dir='ltr'>οὖν</span> 
     </span>
     <span class='ocr_line' id='line_1_32' title="bbox 86 2937 833 2997; baseline 0.003 -16"><span class='ocrx_word' id='word_1_246' title='bbox 86 2937 207 2983; x_wconf 57' lang='lat' dir='ltr'>iactatae</span> <span class='ocrx_word' id='word_1_247' title='bbox 233 2956 270 2993; x_wconf 80' lang='grc' dir='ltr'>σε,</span> <span class='ocrx_word' id='word_1_248' title='bbox 303 2937 335 2984; x_wconf 72' lang='grc' dir='ltr'>ἔτι</span> <span class='ocrx_word' id='word_1_249' title='bbox 362 2939 396 2986; x_wconf 78' lang='lat' dir='ltr'>aa</span> <span class='ocrx_word' id='word_1_250' title='bbox 418 2944 455 2987; x_wconf 74' lang='grc' dir='ltr'>τοῦ</span> <span class='ocrx_word' id='word_1_251' title='bbox 478 2939 571 2996; x_wconf 60' lang='lat' dir='ltr'>assensa</span> <span class='ocrx_word' id='word_1_252' title='bbox 596 2943 639 2992; x_wconf 68' lang='grc' dir='ltr'>τοῖς</span> <span class='ocrx_word' id='word_1_253' title='bbox 665 2937 777 2997; x_wconf 65' lang='grc' dir='ltr'><em>ἀνθρώποις</em></span> <span class='ocrx_word' id='word_1_254' title='bbox 796 2938 833 2984; x_wconf 70' lang='lat' dir='ltr'>aa}</span> 
     </span>
    </p>

    <p class='ocr_par' dir='ltr' id='par_1_8' title="bbox 716 3027 745 3067">
     <span class='ocr_line' id='line_1_33' title="bbox 716 3027 745 3067; baseline -0.034 0"><span class='ocrx_word' id='word_1_255' title='bbox 716 3027 745 3067; x_wconf 87' lang='lat'>10</span> 
     </span>
    </p>
   </div>
   <div class='ocr_carea' id='block_1_5' title="bbox 0 0 970 3115">
    <p class='ocr_par' dir='ltr' id='par_1_9' title="bbox 0 0 970 3115">
     <span class='ocr_line' id='line_1_34' title="bbox 0 0 970 3115; baseline 0 1"><span class='ocrx_word' id='word_1_256' title='bbox 0 0 970 3115; x_wconf 95' lang='lat' dir='ltr'> </span> 
     </span>
    </p>
   </div>
  </div>
 </body>
</html>
