1932 3115
459 111 501 156 lt?

106 263 165 309 fama
187 263 243 320 uiti,
268 279 313 324 qua
336 264 417 309 sensim
436 270 548 310 crescente
568 280 602 309 res
620 264 756 325 pedetentim
774 272 851 310 auctas

54 403 56 406 y
106 357 128 397 et
145 351 290 413 amplificatas
307 350 331 397 iu
348 351 467 398 historiam
483 337 635 413 permanasse
670 415 671 418 Ἴ

126 438 162 502 ‘Si
183 444 259 486 tamen
278 442 380 501 receptae
397 439 469 486 famae
485 455 533 486 non
549 456 638 486 omnem
655 439 765 502 denegare
782 439 850 487 fidem

104 527 223 584 volumus,
247 526 392 573 statuendum
416 526 470 583 erit,
493 526 595 573 Platonis
613 528 809 575 commorationem
825 528 849 574 in

104 615 208 678 Aegypto
225 632 267 662 nec
284 621 331 662 tam
347 615 479 661 diuturnam
496 614 566 661 fuisse
582 632 624 662 nec
639 620 729 662 tantum
743 616 850 662 habuisse

104 703 132 749 ad
153 704 270 765 ingenium
288 705 335 750 eius
354 708 376 750 et
394 685 519 750 doctrinam
537 703 688 750 excolendamv
699 704 806 750 momenti
822 708 849 749 ut

104 792 172 854 vulgo
192 793 304 839 creditum
321 798 361 838 est.
374 793 390 854 Ι)

135 968 194 1015 lter
211 968 342 1031 Cyrenen.
368 968 444 1014 Huius
462 968 549 1014 itineris
567 984 580 1013 a
597 968 675 1013 ceteris
688 967 848 1029 scriptoribus,

103 1057 200 1119 exceptis
224 1057 326 1119 Diogene
349 1062 371 1103 et
393 1056 490 1119 Apuleio
515 1058 591 1118 (snpra
613 1073 635 1118 p.
656 1057 723 1118 ldb),
742 1055 806 1101 nulla
823 1056 848 1101 fit

64 1180 66 1183 .
102 1146 199 1202 mentio,
226 1146 287 1207 quod
312 1150 389 1191 tamen
406 1144 440 1201 vad
463 1144 530 1191 fidem
551 1144 584 1191 rei
601 1144 779 1190 labefactandam
801 1160 847 1190 non

101 1233 167 1279 ualet.
203 1232 281 1291 Quum
304 1234 362 1279 enim
385 1233 453 1279 ceteri
471 1238 584 1289 caeterea,
604 1231 694 1288 Cicero,
713 1231 848 1289 Quinctilio-

101 1323 184 1382 nuffl
206 1320 394 1383 Olympiodorus,
422 1337 447 1366 ea
469 1324 558 1366 tantum
575 1320 656 1366 itinera
673 1326 848 1365 commemorent

101 1427 112 1455 e
135 1410 217 1471 quibus
239 1409 305 1455 Plato
328 1409 452 1471 plurimum
470 1407 498 1454 ad
515 1408 681 1470 philosophiam
701 1408 844 1469 profecisset,

102 1497 130 1543 ad
152 1496 303 1559 Pythagoreos
322 1497 345 1542 in
368 1496 457 1542 Italiam
476 1496 539 1542 etin
556 1496 685 1557 Aegyptum
703 1494 731 1540 ad
748 1493 849 1540 sacerdo-

100 1590 133 1632 tes
152 1585 315 1641 coumdendm,
333 1585 400 1631 licuit
415 1584 444 1630 iis
462 1583 611 1646 Cyrenaicum
627 1583 685 1629 illud
702 1584 756 1639 iter,
777 1599 848 1644 aeque

101 1690 126 1720 ac
149 1665 294 1735 Megarense,
318 1658 352 1720 ut*
366 1672 459 1719 minoris
482 1672 591 1719 momenti
608 1673 717 1718 omittere.
743 1670 847 1717 Ceterum

102 1762 300 1808 commorationem
324 1761 371 1807 eius
396 1761 495 1822 Cyrenae
518 1777 564 1807 non
586 1759 747 1822 sejungendam
770 1776 848 1806 essea

99 1850 237 1921 profectione
259 1850 284 1895 in
305 1850 447 1911 Aegyptum,
470 1854 498 1895 ut
513 1847 619 1894 La'e'rtius
636 1848 702 1904 facit,
723 1846 859 1909 probabilis

100 1953 153 1983 sane
176 1943 209 1983 est
229 1937 388 1998 plerorumque
406 1938 490 2000 opinio.
525 1939 602 1998 Atque
619 1936 684 1983 ambo
701 1936 783 1982 itinera
800 1941 847 1982 tam

100 2028 159 2069 arcte
177 2024 295 2070 cohaerere
312 2024 432 2081 videntur,
444 2030 482 2082 ut,
495 2024 628 2086 Aegyptiaci
639 2023 683 2070 fide
694 2023 806 2080 stabilita,
819 2023 847 2070 de

100 2109 220 2172 Cyrenaico
237 2127 284 2157 uon
300 2128 435 2174 magnopere
453 2111 604 2159 dubitandum
618 2112 654 2158 sit.
689 2110 759 2169 Quod
770 2116 846 2157 autem

99 2198 205 2245 nonnulli
228 2200 362 2260 opinantur,
378 2200 495 2247 Platonem
509 2200 610 2262 Cyrenen
622 2201 716 2263 petiisse
729 2206 754 2246 nt
766 2217 779 2245 a
790 2199 847 2246 The-

99 2286 168 2331 odoro
194 2286 339 2347 geometriam
360 2287 467 2345 disceret,
493 2288 545 2350 plus
569 2288 622 2334 huic
643 2287 720 2334 itineri
741 2287 847 2334 tribuunt

98 2372 206 2419 momenti
230 2389 297 2434 quam
320 2390 418 2437 aequum
441 2380 487 2422 est:
511 2392 558 2422 non
575 2376 635 2422 euim
652 2374 771 2431 credibile,
795 2391 847 2436 geo-

122 2563 140 2607 1)
154 2562 236 2599 Ceterum
250 2563 297 2599 lecto
310 2563 362 2611 digna
375 2567 417 2600 sunt
430 2577 475 2612 quae
487 2567 509 2602 de
521 2567 554 2602 hoc
567 2566 631 2603 itinere
644 2565 714 2601 disserit
721 2566 846 2609 Hermannll,

97 2644 114 2678 p.
128 2633 206 2668 51-58,

122 2703 139 2747 2)
156 2703 286 2750 Quinctiliauus
304 2705 325 2740 de
342 2705 442 2752 Mcgareosi
460 2708 478 2741 et
495 2706 591 2752 Cyrenaico
608 2706 673 2742 itinere
690 2707 734 2742 nihil
750 2706 847 2753 quidquam

98 2777 193 2816 memorat3
211 2786 264 2821 quare
280 2786 342 2821 parum
360 2781 441 2811 accurate
458 2777 554 2824 Ucberweg
571 2777 582 2812 l.
601 2777 613 2813 l.
626 2778 652 2812 sic
664 2778 755 2825 loquitur,
767 2789 786 2823 p.
801 2777 845 2814 lar:

99 2843 192 2890 „Dagegen
209 2844 251 2880 lassi
269 2845 378 2892 Quinctilian
394 2847 440 2883 lust.
453 2848 485 2883 Or.
498 2848 518 2890 l,
532 2848 565 2890 12,
579 2849 615 2883 und
628 2849 692 2884 eberiso
704 2849 791 2894 Diogenes
803 2848 842 2890 ῙΙΙ,

99 2913 121 2954 6,
134 2913 162 2948 die
175 2917 220 2949 erstc
233 2915 285 2950 Reisc
298 2929 331 2951 von
346 2918 417 2963 'Megara
430 2929 460 2952 aus
474 2918 519 2952 nach
532 2917 600 2964 Cyrene
614 2919 700 2964 gcriobtet
713 2918 769 2953 sein.'’

728 2992 756 3031 12
