1932 3115
424 113 452 160 77

67 254 245 319 catartaria
268 266 289 314 δὲ
312 266 434 328 (Διονύσιος)
458 266 647 326 διαμηχανώμενος
669 268 718 315 τίνα
733 266 808 326 τρόπον

66 356 195 412 ἀνασοβήσοι
213 373 242 412 με
256 355 321 411 μαδὲν
338 355 428 408 ἀποδοὺς
445 361 486 403 τῖον
502 355 586 409 Δίωνος,

99 442 178 507 imago
200 444 246 490 auis
268 444 293 490 in
316 459 383 491 cavea
404 443 504 491 inclusae
528 460 585 491 num
601 443 638 490 hic
654 460 761 507 personae
778 444 808 490 sit

67 532 121 578 satis
143 531 277 579 conveniens
295 530 382 578 dubito.
415 531 495 579 Petita
506 537 540 578 est
557 548 569 578 e
585 531 701 588 Phaedro,
719 548 740 594 p.
759 533 806 578 249

67 619 102 677 D,
123 620 163 667 ubi
179 621 263 677 anima,
281 636 339 682 quae
356 637 367 667 e
383 620 448 667 terris
465 619 494 667 ad
511 619 616 667 coelestia
628 619 714 666 evolare
725 620 809 667 frustra

68 708 142 770 cupit,
166 708 249 755 dicitur
271 708 342 767 ὄρνιθος
365 709 421 763 δίναν
440 707 530 764 βλέπειν
548 706 604 755 tva:
621 708 700 770 pulcre
716 724 770 755 sanc
787 712 809 754 ct

68 801 126 858 apte.
152 795 281 843 Parechesis
298 796 363 843 ποθῶν
379 796 439 843 ποθὲν
450 795 536 843 redolet
546 796 679 843 facetiarum
690 811 807 859 aucupem.

68 883 168 931 Verbum
180 884 294 942 αἰναοοβεῖν
306 884 417 946 significat
421 885 489 947 ferar
497 884 533 931 vel
542 901 590 931 ανοο
601 886 704 931 ccciccc
715 884 809 946 (belgice

68 972 171 1034 cpjcpcu).
204 970 274 1033 Lysis
286 987 308 1033 p.
327 973 374 1017 206
392 972 425 1016 A:
444 971 502 1023 ποῖοό
519 989 551 1023 τις
569 969 602 1019 οὖν
619 970 646 1019 atr
663 989 694 1019 οοι
712 972 810 1027 laurita-

67 1060 140 1118 ρεντας
152 1055 217 1116 εἶναι,
229 1060 246 1106 εἰ
257 1058 456 1117 οὶναοοβοῖθαρεύων
465 1057 501 1105 καὶ
511 1058 685 1118 δνοαλωτοτέραν
692 1060 730 1114 τὴν
739 1057 810 1119 ἄγραν

69 1153 129 1194 ποιοῖ.
163 1146 208 1193 Hic
224 1163 276 1193 vero
293 1163 371 1193 sensus
383 1134 484 1208 postulat
496 1147 567 1210 accipi
577 1164 618 1210 pro
630 1149 715 1194 οοοίαιο
726 1147 810 1208 replec-

69 1240 109 1281 αα
120 1236 250 1290 reticem
261 1235 326 1281 cuins
340 1234 509 1296 significationis
518 1234 597 1281 dubito
605 1252 660 1282 num
670 1234 730 1297 apud
739 1235 809 1282 bonos

70 1322 188 1384 scriptores
211 1322 337 1384 exemplum
359 1322 493 1368 inveniatur.
528 1321 628 1384 Scriptor
649 1322 687 1369 hic
708 1322 811 1369 similiter

69 1409 146 1472 lapsus
166 1410 255 1456 uidetur
272 1415 298 1456 ut
315 1426 383 1471 snpra
399 1410 424 1456 in
440 1409 508 1456 uerbo
525 1409 642 1466 ἐπανάγειν
660 1411 690 1472 (p.
709 1411 754 1456 325
773 1411 810 1471 A).

102 1497 169 1544 Brevi
197 1502 249 1559 post
275 1497 372 1560 erumpit
395 1497 583 1544 mercenariorum
612 1497 706 1555 seditio,¹
734 1515 811 1544 rumor

76 1586 188 1647 spargitur
206 1602 254 1632 eam
271 1586 406 1631 concitatam
423 1601 470 1632 esse
487 1585 515 1631 ab
532 1585 663 1644 Heraclide,
675 1602 721 1633 uno
734 1602 746 1632 e
758 1585 812 1632 belli

71 1672 166 1719 ducibus
172 1692 179 1731 ς
192 1673 228 1719 bic
240 1672 339 1719 occultat
350 1689 385 1719 se:
403 1673 539 1732 Ἡρακλείδας
553 1674 663 1721 ἐκποδὼν
675 1673 738 1721 αὑτὸν
747 1673 811 1731 ἔσχεν

71 1761 159 1822 ἀφανῆ
171 1762 269 1822 (notetur
282 1760 426 1822 tautologia);
438 1760 560 1822 Dionysius
572 1762 660 1823 exquiri
672 1778 723 1808 eum
732 1761 798 1823 jubet
804 1780 811 1817 ;

71 1849 153 1908 νῖειομῶν
165 1849 187 1894 δὲ
195 1848 317 1911 (Διονύσιος)
330 1848 431 1904 Θεοδόταν
440 1848 643 1908 μεταπεμψάμενος
652 1851 681 1902 εἰς
690 1850 726 1896 τὸν
734 1833 810 1904 κῆπον·
821 1832 832 1845 l

72 1936 148 1995 ἔτυχον
163 1937 180 1982 δ’
193 1937 214 1983 ἐν
227 1938 257 1996 τῷ
271 1937 331 1995 μα’νιῳ
346 1938 406 1993 aare
418 1935 469 1984 τότε
477 1941 598 1996 περιπατῶν
606 1952 611 1962 ·
620 1937 650 1985 να
659 1938 698 1994 μὲν
706 1935 740 1985 οὖν
751 1937 813 1985 ἄλλα

72 2023 115 2071 οὔτ’
123 2021 169 2071 οἶδα
180 2024 224 2072 οὔτ’
234 2025 305 2080 {laevor
317 2025 486 2082 διαλεγομένων,
501 2024 517 2072 οἳ
529 2025 546 2071 δ’
555 2026 645 2072 ἐναντίον
654 2023 701 2072 εἷπε
710 2025 811 2080 Θεοδότας

71 2113 123 2167 ἐμοῦ
138 2112 187 2170 πρὸς
202 2113 307 2159 Διονύσιον
316 2110 364 2159 ellel
376 2131 400 2160 τε
412 2113 447 2159 καὶ
459 2113 579 2169 μέμναμαι.
597 2111 697 2168 Notetur
707 2113 732 2159 in
743 2118 814 2159 trans-
873 2119 874 2123 ’

12 2216 14 2218 ·
71 2200 107 2246 itu
118 2199 270 2246 anacoluthon
282 2200 346 2246 valde
358 2200 452 2257 durum,
466 2200 527 2261 quod
539 2206 614 2247 tamen
626 2201 729 2263 scriptori
736 2206 813 2247 nostro

44 2288 51 2298 ““
73 2287 161 2349 elegans
178 2289 251 2335 risum
268 2294 314 2334 est:
332 2293 383 2350 post
399 2289 544 2354 participium
558 2288 761 2348 μεταπεμψάμενος
774 2294 814 2335 aut

4 2379 8 2388 ’
21 2430 23 2433 y
72 2375 166 2422 uerbum
176 2375 331 2438 requirebatur
342 2375 449 2432 διελέγετο
464 2378 530 2436 αὐτῷ,
540 2382 580 2423 aut
587 2376 700 2439 participii
707 2376 757 2422 loco
765 2392 816 2437 pos-

72 2463 189 2511 tulabatur
206 2464 298 2510 verbum
314 2463 404 2510 finitum
416 2450 591 2523 praeelecta(
619 2462 733 2525 Colloquii
749 2480 815 2510 scena

74 2555 108 2596 est
129 2552 150 2597 ἒν
172 2552 202 2611 τῷ
223 2552 294 2609 κήπῳ,
312 2550 371 2597 sicut
387 2551 411 2596 in
428 2549 530 2612 Epistola
546 2549 597 2607 ΙΠ,
615 2567 637 2612 p.
656 2552 702 2596 319
722 2552 756 2608 A,
773 2551 815 2597 ubi

74 2637 146 2684 simile
164 2638 265 2700 jurgium
282 2638 326 2684 alia
343 2638 370 2684 [le
386 2629 411 2684 re
426 2643 449 2685 et
460 2654 535 2684 coram
552 2637 601 2684 aliis
617 2638 713 2684 testibus
731 2637 816 2684 drama·

73 2726 117 2772 tice
139 2726 280 2788 proponitur.
314 2725 379 2772 Plato
398 2726 456 2772 forte
477 2726 509 2772 ibi
530 2712 647 2772 ambulans
664 2724 816 2786 1111111111]-

73 2830 130 2860 num
152 2831 204 2861 cum
220 2791 335 2862 Theodote
352 2815 530 2876 colloquentem,
549 2813 588 2861 sed
604 2830 651 2860 non
663 2813 726 2860 audit
738 2830 816 2860 eorum

75 2918 210 2949 sermonem:
240 2919 314 2963 „quae
335 2919 387 2949 vero
411 2919 484 2950 coram
511 2920 557 2960 me,
580 2903 667 2963 inquit,
690 2878 816 2968 Theodotes
