1932 3115
438 161 483 204 lca
513 198 515 201 .

90 316 167 363 statim
187 319 227 361 aut
243 314 305 360 brevi
317 318 368 375 post
379 311 479 359 reditum
490 329 503 358 a
514 313 586 374 primo
597 312 676 358 itinere
687 312 712 357 in
723 310 829 357 Siciliam.

29 439 32 447 ,
90 403 152 450 Haec
174 419 226 448 uero
245 400 354 453 eiusmodi
371 416 419 446 esse
435 404 462 446 ut
478 400 592 447 conciliari
608 404 732 460 nequeant,
750 404 830 460 sponte

90 495 158 553 patet.
192 489 244 536 dam
267 488 295 535 de
312 488 407 551 siugulis
424 488 542 535 itineribus
559 487 691 551 singulatim
707 486 829 533 videamus.

123 665 186 728 Iter
197 665 338 727 Megaram.
356 664 432 712 Huius
441 664 529 712 itineris
540 664 666 726 Diogenes,
675 668 831 726 praeterquam

89 754 139 800 loco
156 770 225 816 supra
240 752 345 810 laudato,
365 754 448 800 iterum
456 752 593 820 mentionem
603 752 658 798 facit
668 753 692 798 in
703 751 749 798 vita
757 750 833 797 Eucli-

91 840 144 899 dis‚'
158 841 197 898 Π,
218 842 231 903 d
255 842 313 887 iot:
334 840 385 900 πρὸς
401 840 475 888 ταῦ-τόν
493 839 628 902 (Euclidem)
650 844 715 899 φασιν
732 840 742 886 o‘
759 840 831 898 Ἑραν-
896 885 897 889 ,

91 931 150 988 δῶρον
166 928 281 987 ἀφικέσθαι
298 927 407 975 Hadrume
424 927 461 975 rai
474 928 523 981 τοὺς
534 927 619 980 ariacas
630 926 762 989 φιλοσόφους
773 926 832 983 ,αντα

90 1017 128 1071 τὴν
145 1015 270 1074 Σωκρατννς
284 996 398 1076 retrardo,
413 1015 526 1067 δείσαντας
539 1016 577 1070 τὴν
592 1014 693 1070 ὠμότητα
704 1019 745 1061 τῶν
759 1013 832 1073 τνραν-

90 1122 135 1151 aar.
169 1103 232 1151 Haec
249 1103 296 1150 sola
313 1108 367 1151 suut
382 1103 521 1161 testimonia,
541 1119 598 1164 quae
615 1102 643 1149 de
659 1100 832 1164 Megarensiiti-

90 1209 143 1238 nere
160 1196 247 1239 exstent
252 1211 259 1249 3
277 1208 330 1239 nam
347 1207 405 1253 quae
421 1191 540 1254 Meuagius
555 1191 641 1238 confert
654 1190 745 1237 Libanii
760 1195 782 1236 et
796 1190 830 1237 Io.

92 1278 259 1342 Chrysostomi,
278 1297 305 1326 ex
322 1279 400 1331 eodem
412 1285 470 1327 certe
482 1273 543 1326 fonte
555 1285 609 1326 sunt
620 1279 765 1336 derivata,ut
774 1278 832 1341 judi-

92 1375 127 1414 cat
149 1367 293 1415 Hermauuus
317 1367 383 1429 (Plat.
401 1367 461 1414 Phil.
479 1384 501 1430 p.
521 1369 580 1424 106,
598 1371 646 1413 not.
665 1368 711 1430 82).
745 1366 833 1413 Auctor

90 1439 223 1502 narrationis
241 1472 253 1502 a
269 1455 371 1517 Diogene
388 1456 471 1503 citatur
490 1455 657 1513 Hermodorus,
675 1455 714 1502 ille
725 1455 831 1501 nimirum

92 1559 159 1604 quem
177 1542 279 1589 Platonis
296 1542 434 1604 discipulum
449 1543 519 1590 fuisse
536 1543 668 1605 accepimus.
695 1541 759 1589 Num
771 1541 833 1588 locu·

90 1631 208 1693 pletiorem
230 1635 311 1677 testem
332 1630 489 1692 requiramus?
523 1632 630 1677 Attamen
649 1630 704 1677 fides
722 1631 769 1677 eius
786 1647 832 1676 uon

90 1735 170 1781 parum
185 1718 298 1765 debilitari
311 1719 401 1766 videtin
418 1719 501 1766 additis
512 1719 597 1766 verbis:
610 1720 722 1772 δείσαντας
733 1721 771 1774 τὴν
780 1719 833 1777 ὠμό-

89 1824 147 1861 rara
164 1810 204 1853 τῶν
221 1789 331 1865 τνρανναν.
366 1806 424 1865 Quis
442 1808 502 1855 enim
512 1808 595 1865 nescit,
608 1807 722 1854 Socratem
731 1824 778 1854 non
789 1807 831 1855 sub

90 1892 158 1940 XXX
173 1899 320 1956 tyrannorum
334 1895 465 1952 dominatu,
482 1896 521 1941 sed
534 1900 631 1957 quatuor
643 1896 706 1942 annis
718 1898 769 1958 post
780 1896 831 1958 illos

90 1979 194 2041 expulsos
220 1980 352 2028 damnatum
374 1982 438 2029 esse?
463 1982 487 2029 Si
503 1982 639 2030 Hermodori
649 1988 713 2030 tanta
723 1984 767 2029 fuit
778 1989 833 2030 tem-

27 2099 30 2103 -
90 2083 169 2128 porum
186 2069 325 2130 ignorantia,
342 2087 371 2116 ne
387 2071 502 2131 reliquum
514 2072 606 2133 quidem
618 2072 666 2119 eius
677 2072 831 2119 testimonium

89 2155 164 2215 magui
184 2155 289 2216 ponderis
310 2163 386 2230 potest
411 2158 495 2205 haberi.
512 2142 514 2144 .
529 2159 652 2221 Ueberweg
674 2160 705 2220 (ll.
729 2178 752 2222 pi
777 2160 832 2221 118)

90 2240 245 2289 difficultatem
269 2244 301 2289 ita
323 2245 402 2291 tollere
426 2253 533 2304 conatur,
557 2247 645 2303 dicens,
666 2246 833 2294 Hermodorum

88 2329 191 2386 τνρανναν
209 2331 359 2393 appellatione
375 2334 512 2395 significasse
525 2333 571 2381 non
582 2337 630 2388 τοὺς
640 2335 753 2393 τριάκοντα
760 2335 833 2394 τνραν-

66 2457 67 2461 ,
88 2435 146 2474 vaur,
158 2418 242 2479 quippe
256 2419 296 2479 qui
309 2424 387 2480 postea
399 2420 489 2468 demum
501 2421 544 2468 lroc
555 2423 646 2469 nominc
657 2422 761 2483 insigniti
772 2423 832 2479 sint,

83 2506 128 2551 -sed
137 2505 279 2567 demagogos,
292 2507 425 2554 crudelitate
437 2514 459 2554 et
470 2510 572 2571 potentia
583 2515 730 2571 tyrannorum
741 2511 832 2557 similes.

11 2620 12 2623 =
88 2592 120 2638 At
142 2593 181 2639 isti
202 2610 328 2655 numquam
350 2596 444 2654 τύραννα
468 2597 542 2643 vocati
559 2601 623 2653 sunt,
645 2598 740 2659 triginta
757 2604 834 2645 autem

88 2680 131 2725 viri
150 2697 197 2742 Jam
220 2681 246 2727 ab
264 2681 386 2729 Aristotele
402 2685 419 2730 αἱ
437 2683 551 2742 epiduarum
567 2685 659 2743 τύραννα
677 2686 832 2748 appellantur,

88 2766 154 2813 ltlret.
172 2768 210 2825 Π,
228 2771 251 2816 t.
268 2769 351 2831 itaque
368 2771 409 2817 tali
425 2772 609 2834 interpretatione
622 2773 759 2821 Hermodori
772 2774 833 2820 testi-

88 2854 190 2902 monium
208 2873 289 2918 parum
304 2859 403 2920 juvatur
431 2860 480 2922 Ego
495 2877 548 2907 uero
565 2863 699 2924 persuadere
715 2864 773 2909 mihi
786 2879 833 2908 non

89 2957 192 3004 possum,
204 2943 278 3001 hunc,
296 2946 316 2991 si
331 2947 386 3005 luit,
405 2953 431 2995 ut
447 2949 555 3007 hahetur,
569 2949 670 2998 Platonis
682 2950 794 3012 aequalis,
806 2951 831 2997 in
