1932 3115
799 144 823 174 lx

81 290 123 319 aaa
142 272 206 318 mimis
228 273 280 318 rade
301 276 322 318 et
337 272 485 334 imperfectam
508 271 624 327 ridebitur,
642 271 668 318 id
686 288 729 318 aaa
746 271 824 331 eaiqma
875 316 880 320 Α

10 398 14 403 ·
77 389 121 435 ara
139 376 206 432 marte
227 372 271 418 tais
288 371 382 417 caeciliis
398 372 522 434 monitisque
539 375 647 432 accersiam
664 371 734 418 dederi
747 376 824 431 arctas

77 472 186 532 armitear.

118 570 159 616 Vas
175 575 254 627 cadem,
272 569 316 628 riri
333 569 449 617 doctissimi
466 574 487 616 et
504 568 630 626 clarissimi,
648 570 686 632 qai
700 571 733 616 aed
742 569 766 614 ia
782 570 824 631 Ga-

81 668 162 714 maasia
180 669 367 731 Edeaairajeetiaa
384 670 560 715 adadesaeatadam
577 685 609 714 me
622 668 733 714 diteraram
747 668 825 715 stadiis

75 768 193 829 formastis
206 772 270 830 atqae
284 769 377 828 eaemmda
391 773 411 815 et
425 761 559 815 iristitatieae
569 768 720 829 praeparastis
731 770 762 815 ad
769 768 827 814 idad

81 883 157 912 mamas
178 869 236 929 qaod
248 868 297 929 jam
314 868 359 927 ipse
380 884 426 913 sam
447 868 564 927 iaaressas,
590 869 625 914 aet
639 869 785 930 qaijaaeaem
802 868 826 912 ia

29 966 32 969 ’
83 967 125 1036 dac
142 967 257 1012 Academia
274 967 389 1027 mrdtiyadici
405 967 568 1027 discipdiaaram
585 968 643 1013 acdtrr
659 967 767 1028 aariisqae
783 972 826 1012 sta-

83 1042 166 1111 diaram
191 1065 303 1112 carricatis
325 1068 355 1111 ad
375 1067 455 1111 adtiara
476 1066 598 1121 eradiistis,
622 1066 713 1126 accipite
731 1067 825 1112 sinceras

83 1163 150 1208 aaimi
169 1164 261 1221 aratias.
300 1163 341 1209 Vas
355 1163 486 1223 praecipere,
512 1164 556 1209 m'ra'
580 1163 694 1209 clarissimi
711 1164 826 1229 vItaaers

83 1265 104 1308 et
133 1262 296 1323 Omaaamer,
320 1279 371 1324 qaas
393 1279 433 1322 per
444 1262 521 1322 pdares
538 1279 603 1308 ammas
621 1264 696 1309 addire
712 1263 765 1308 midi
781 1278 827 1308 cam·

84 1360 145 1419 tiait,
163 1361 254 1407 atteram
271 1361 374 1407 distortae
394 1367 414 1407 et
430 1361 581 1423 catiqaitatam
591 1361 668 1423 faates
685 1363 825 1421 aperientem,

83 1459 174 1506 aiteram
198 1460 242 1505 aeri
262 1459 389 1522 aaqm'readi
406 1460 453 1505 aias
469 1465 490 1505 et
506 1460 582 1506 maratis
598 1462 702 1506 dieraamae
713 1476 826 1519 praeesses

83 1557 234 1617 eamdieaatem,
248 1575 376 1618 rrersaasam
391 1559 447 1604 sadis
455 1560 562 1614 dadetate,
578 1575 609 1604 me
619 1564 664 1604 tam
675 1560 699 1605 ad
708 1558 825 1604 iastitatia-

83 1673 129 1702 aem
151 1661 240 1703 cestram
263 1675 326 1720 qaam
343 1658 368 1703 cd
385 1659 501 1704 comitatem
518 1662 539 1703 et
555 1658 717 1704 deaeaadeatiam
733 1675 776 1720 qam
793 1674 825 1704 me
889 1703 891 1705 ,

68 1756 179 1814 ,amadeai
201 1755 251 1801 estis
273 1756 305 1801 ita
328 1756 385 1812 aedis
405 1756 522 1802 deaiactam
544 1772 600 1810 esse,
624 1761 660 1811 at,
685 1758 735 1802 dam
757 1756 824 1802 stadii

85 1854 206 1899 Academici
222 1854 322 1900 memoria
338 1855 362 1900 ia
379 1855 449 1900 amima
466 1871 510 1900 mea
527 1851 632 1915 decredit,
654 1845 724 1901 cestra
746 1871 826 1917 qaoqae

64 1952 168 1998 mamiaa
185 1969 236 1998 cara
252 1954 305 1999 midi
321 1953 365 1999 siat
373 1954 464 2016 famma.

122 2050 162 2096 Vas
179 2052 279 2113 demicare,
297 2067 349 2113 qaas
365 2051 389 2096 ia
406 2052 521 2098 Academia
530 2052 702 2112 fidaseamertas
716 2069 760 2098 sam
773 2053 827 2097 ami-

84 2164 130 2203 cas,
145 2149 267 2210 qaibaseam
284 2150 341 2212 seria
358 2154 378 2195 et
387 2150 441 2210 jaca
458 2149 576 2195 acmmrmia
593 2150 670 2205 dadai,
683 2151 750 2196 valete
763 2154 784 2196 et
792 2150 826 2195 ita

84 2246 124 2292 mei
138 2263 237 2292 memarcs
254 2252 327 2306 estate,
351 2252 375 2292 at
393 2263 428 2305 aaa
445 2248 511 2292 vestri
526 2264 635 2309 arcaqaam
653 2249 756 2293 additaras
773 2265 826 2293 sarm.

134 2473 198 2520 Scripsi
211 2472 381 2515 Amstelodami‚
394 2485 419 2510 m.
430 2473 515 2509 Januario
528 2485 544 2508 a.
557 2483 668 2509 mncccsxrv.
