1932 3115
392 692 535 760 CAPUT
564 691 608 761 Vl.

148 933 176 963 DE
193 933 264 964 REBUS
281 932 409 964 nrsromcis
427 932 489 975 QUAE
505 932 531 964 IN
547 932 665 964 EPISTOLIS
682 929 848 962 MEMORANTUR.

421 1114 566 1141 ψ..-

163 1282 310 1345 Praecipuum
327 1282 481 1345 Epistolarum
498 1273 656 1345 argumentum
674 1287 707 1329 est
725 1282 752 1329 de
769 1282 870 1328 Platonis

78 1389 80 1392 ⁴
127 1370 247 1415 itineribus
264 1371 288 1415 in
305 1370 403 1417 Siciliam
421 1377 442 1417 et
460 1372 487 1417 de
505 1372 636 1418 commercio
649 1371 711 1432 quod
723 1371 743 1416 ui
755 1387 806 1415 cum
818 1370 871 1415 Dio—

127 1457 191 1518 nysio
210 1463 233 1503 et
244 1474 295 1504 cum
307 1458 381 1504 Dione
392 1459 505 1519 huiusque
518 1460 583 1505 sociis
594 1460 645 1505 fuit.
669 1458 783 1520 Epistulae
796 1464 871 1503 autem

128 1544 193 1591 pppa
209 1546 233 1591 in
248 1546 338 1592 exordio
356 1547 532 1607 praemittuntur
548 1547 658 1593 nonnulla
670 1545 698 1592 ad
709 1544 871 1607 rempublicam

127 1631 268 1678 Athenarum
286 1634 421 1694 spectantia,
436 1634 576 1680 adolescente
593 1634 700 1690 Platone,
713 1634 736 1678 in
748 1631 872 1677 Vlllstme-

126 1724 243 1765 morantur
252 1720 362 1780 quaedam
375 1721 479 1767 derebus
492 1721 585 1779 Siculis,
598 1722 664 1783 pulso
676 1721 798 1780 Dionysio,
813 1718 871 1764 etde

127 1806 194 1853 huius
206 1807 291 1853 familia
295 1828 301 1864 ;
314 1813 441 1869 tanguntur
452 1808 551 1871 Lycurgi
562 1809 680 1864 instituta,
694 1824 751 1869 quae
762 1812 870 1867 tanquam

108 1905 110 1907 “
127 1893 254 1955 exemplum
266 1895 404 1941 ordinandae
415 1896 551 1957 reipublicae
562 1901 728 1958 proponuntur.
746 1894 775 1940 In
787 1894 821 1938 lris
830 1893 871 1953 igi-

125 1987 164 2027 tur
181 1981 317 2044 exponendis
336 1999 392 2043 quae
410 1985 442 2029 sit'
456 1983 632 2045 cpistolographi
640 1983 758 2043 diligentia
771 1988 792 2027 et
803 1981 870 2037 fides,

126 2069 248 2115 rideamus.
283 2069 392 2128 Quaestio
409 2071 466 2117 haec
486 2088 532 2118 non
549 2071 603 2117 levis
619 2075 653 2116 est
664 2069 773 2116 momenti
784 2074 806 2114 et
817 2084 871 2129 pon-

120 2156 183 2217 deris
206 2162 297 2219 propter
317 2157 417 2218 ipsarum
435 2157 601 2219 Epistularum,
620 2155 869 2218 qualescumque'siut,

124 2248 261 2289 vetustatem
287 2244 491 2291 etauctoritatem.
525 2244 611 2305 Negari
634 2244 693 2290 enim
709 2243 801 2304 nequit,
820 2258 870 2298 eas,

124 2330 244 2392 praecipue
261 2330 345 2388 VH³¹¹¹‚
362 2331 408 2377 sire
420 2348 537 2393 germanae
549 2336 659 2394 putentur
670 2331 716 2376 sive
728 2327 869 2391 suppositae,
881 2304 890 2382 l

123 2417 148 2463 in
171 2418 333 2479 antiquissimis
354 2420 469 2480 ponendas
493 2436 540 2465 esse
560 2418 712 2465 monumentis
735 2416 796 2463 unde
821 2416 870 2461 Pla-

124 2505 184 2551 tonis
202 2506 295 2567 eiusque
311 2513 439 2569 temporum
456 2524 490 2553 res
508 2511 679 2569 cognoscantur.
702 2504 785 2567 Errant
795 2509 870 2549 tamen

126 2593 165 2653 qui
191 2610 227 2638 eas
245 2594 338 2640 unicum
355 2611 426 2657 paene
443 2594 527 2641 fontem
546 2611 593 2640 csse
611 2593 738 2655 opinantur
751 2596 790 2637 aut
812 2591 871 2636 tanti

125 2680 254 2736 aestimant,
273 2686 299 2726 ut
317 2688 390 2728 cetera
407 2682 535 2727 testimonia
552 2698 604 2742 prae
621 2680 657 2726 liis
674 2695 745 2741 paene
762 2678 828 2724 nihili
841 2679 871 2724 f-

124 2766 190 2812 ciant.
203 2767 219 2827 l)
243 2765 339 2813 Constat
356 2769 415 2814 enim
433 2769 520 2814 easdem
540 2784 574 2813 res
591 2767 664 2812 multo
682 2765 771 2827 plenius
789 2766 870 2826 partim

148 2935 205 2980 1)Ut
219 2936 241 2971 H,
255 2936 312 2970 Ritter
325 2939 343 2971 et
357 2936 483 2978 eruanimi
497 2947 549 2981 supra
563 2947 580 2981 p.
594 2935 604 2972 7
619 2940 636 2969 et-
649 2936 666 2970 8.
