1932 3115
479 119 524 163 216

131 274 196 337 Quae
213 273 250 320 hic
267 278 375 319 vocantur
392 273 540 330 ὑπομοήμοτο
558 279 623 327 sunt,
641 278 667 318 ut
679 273 750 334 vulgo
763 272 877 334 appellan-

131 366 181 418 tur,
199 362 337 417 adversarie,
355 361 380 406 in
397 360 480 421 quibus
497 361 617 407 memoriae
634 360 706 421 gratia
722 378 757 407 res
769 360 876 407 notaban-

130 454 169 496 tur
175 469 182 507 ;
200 451 221 496 ἐο
238 449 387 509 &purpurarum
415 449 504 504 κείοοοο,
527 454 602 496 autem
624 448 784 511 intelliguntur
805 448 877 511 philo-

131 538 235 600 sophiae,
259 538 390 599 praesertim
415 537 619 599 metaphysicorum
642 537 765 601 principia,
788 554 870 584 memo-

130 627 176 674 riae
198 633 221 673 et
237 626 308 673 menti
324 626 450 687 infigenda,
469 626 596 673 cuiusmodi
614 632 668 672 sunt
686 643 743 687 quae
761 625 828 672 modo
846 630 877 671 at-

131 716 224 777 tigimus
248 732 274 761 ex
290 714 364 776 Epist.
381 713 421 771 II,
445 733 467 777 p.
486 716 546 771 312,
565 716 620 761 313.
655 713 755 779 Pumssirr
775 714 877 776 Epistola

132 803 180 850 XII
205 803 271 849 Plato
289 802 401 863 Archytae
418 803 501 864 gratias
519 802 578 864 agii,
592 802 653 863 quod
668 803 816 859 ὑπομοήμοτοο
834 803 877 849 sibi

132 891 194 937 misit
212 896 234 937 et
250 890 348 936 uicissim
365 907 406 937 sua
422 890 457 936 illi
474 907 497 936 se
513 890 636 936 missurum
653 889 773 952 pollicetur
778 909 785 946 3
801 889 875 936 addit:

133 979 178 1037 aspi
202 978 224 1023 δὲ
246 984 284 1032 τῆς
306 983 409 1037 φυλακῆς
431 977 549 1036 ἀμφότεροι
569 976 736 1038 Samarobriuae,
755 976 805 1024 ὥστ’
821 978 877 1024 οὐδὲν

132 1067 165 1113 δεῖ
179 1065 375 1124 ποροοκελεύεοθοιε
394 1081 439 1126 quo
458 1065 568 1126 significat
583 1082 608 1112 ea
617 1066 688 1112 ueluti
700 1082 779 1111 arcana
790 1066 814 1112 in
826 1066 878 1112 scri-

132 1155 176 1201 niis
194 1171 241 1200 esse
258 1153 373 1200 servanda.
400 1153 430 1199 In·
445 1153 518 1221 Ilpist.
536 1153 611 1211 XIII,
629 1171 651 1215 p.
670 1154 761 1210 36013,
780 1154 809 1199 ad
826 1154 879 1200 Dio-

131 1243 222 1304 nysium
233 1241 322 1298 scribit,
335 1241 417 1288 additis
431 1233 643 1288 commentariorum
651 1241 735 1288 titulis:
749 1232 836 1297 ἕοὼοῦο
845 1280 849 1289 .
858 1280 878 1289 ..

133 1333 183 1376 τῶν
205 1347 230 1376 τε
249 1329 428 1387 Πυθαγορείων
449 1328 528 1383 πέμπω
547 1347 577 1375 σοι
594 1328 630 1375 uod
654 1332 701 1376 τῶν
723 1329 877 1389 arbitrarer.

166 1417 201 1464 Ex
226 1418 261 1464 his
286 1417 357 1479 igitur
380 1424 486 1480 apparet,
516 1434 561 1479 quo
585 1424 685 1480 tempore
706 1419 748 1465 hae
774 1417 879 1481 epistolae

133 1506 228 1568 scriptae
258 1512 324 1563 sunt,
351 1505 482 1568 pervulgata
504 1507 550 1568 jam
574 1506 643 1553 fuisse
666 1506 766 1553 Platonis
790 1507 880 1553 nomine

134 1594 295 1653 ὑπομοήμοτοο,
319 1595 343 1640 in
366 1593 449 1655 quibus
468 1593 559 1656 propria
576 1594 666 1640 scholae
683 1593 789 1656 dogmata
806 1601 881 1641 essent

133 1685 223 1728 notata:
246 1682 271 1728 in
294 1682 328 1728 his
353 1682 524 1729 commentarios
542 1684 588 1741 περὶ
605 1684 750 1741 Πυθογορείων
769 1688 791 1729 et
807 1682 880 1741 δοοορέ-

133 1788 184 1821 σοις.
209 1769 323 1831 Frequens
341 1769 473 1816 huiusmodi
490 1771 598 1830 οὶγοοὲφωο
614 1770 729 1828 δογμάτων
746 1772 830 1818 mentio
847 1780 881 1818 est

134 1857 195 1920 apud
211 1857 345 1904 recentiores
363 1857 465 1904 Platonis
483 1864 506 1904 et
517 1858 646 1905 Aristotelis
658 1861 803 1922 interpreteS,
816 1860 882 1907 Alen-

134 1944 231 1991 andrum
252 1944 429 2007 Aphrodisium,
450 1945 610 2003 Themistium,
628 1946 791 2009 Porphyrium,
812 1947 883 2009 Syria-

135 2049 203 2090 nurn,
224 2033 344 2090 Proclum,
360 2033 513 2095 Simplicium,
526 2033 652 2081 Iohannem
664 2035 829 2097 Philoponum,
838 2031 883 2107 ¹*qiu

136 2138 163 2168 ex
179 2121 215 2169 his
232 2121 305 2169 multa
322 2124 382 2183 (vera
399 2139 427 2168 an
444 2122 512 2180 falsa,
530 2140 591 2169 nunc
608 2140 655 2170 non
673 2127 764 2187 quaero)
773 2125 881 2183 afferunt,

136 2227 193 2272 quae
212 2228 223 2257 e
239 2209 342 2257 Platonis
359 2211 551 2274 disputationibus
568 2210 599 2258 de
614 2213 707 2260 summis
726 2229 802 2260 rerum
821 2215 883 2276 prin·

137 2300 201 2361 cipiis
219 2299 287 2346 ducta
311 2306 334 2346 et
350 2299 455 2362 deinceps
473 2300 500 2347 ab
518 2302 565 2348 eius
583 2301 737 2360 auditoribus,
750 2303 881 2360 Aristotele,

136 2386 305 2449 Theophrasto,
318 2387 452 2446 Heraclide,
471 2388 590 2446 Hestiaeo,
609 2389 658 2436 aliis
675 2390 699 2436 in
714 2391 840 2437 adversaria
851 2409 883 2438 re·

137 2475 184 2521 lata
207 2481 247 2522 aut
271 2475 376 2537 operibus
400 2475 460 2523 edita
482 2494 529 2524 esse
552 2484 650 2525 narrant.
677 2477 826 2525 Notissimum
841 2479 882 2526 lrac

137 2562 161 2608 in
178 2579 202 2609 re
220 2571 253 2610 est
271 2565 426 2611 testimonium
444 2565 553 2627 Simplicii
570 2566 594 2612 in
611 2565 736 2613 Commeat.
755 2566 782 2613 ad
798 2567 883 2613 Aristo-

138 2650 189 2695 telis
212 2649 280 2713 Phys
303 2652 342 2698 iol.
367 2655 414 2698 104
436 2652 468 2698 B:
492 2653 528 2699 rai
551 2653 575 2699 rb
598 2655 660 2710 ,aaa
680 2653 701 2699 δὲ
717 2654 754 2700 rai
771 2654 795 2700 τὸ
812 2655 883 2713 μικρὸν

137 2738 210 2797 ambr
233 2739 295 2791 τιθεὶς
313 2738 397 2797 ἄπειρον
414 2738 466 2788 εἶναι
485 2740 560 2797 ἔλεγεν
578 2741 634 2802 (scil.
653 2742 662 2787 o‘
682 2741 782 2803 thror)
800 2745 821 2790 ἑο
840 2750 883 2796 τοῖς

137 2825 183 2884 περὶ
204 2827 301 2883 τοίγοθοῦ
319 2827 403 2889 λόγοις,
422 2825 450 2881 οἷς
465 2829 475 2875 c‘
494 2829 642 2887 Ἀριστοτέλος
657 2828 693 2876 rat
702 2831 838 2889 Ἡοοικλείδοος
847 2834 883 2879 aa}

137 2917 242 2967 Ἑστιαῖος
261 2915 297 2962 acl
313 2917 376 2965 ἄλλοι
390 2920 427 2963 τοῦ
442 2917 557 2969 Πλάτωνος
572 2918 648 2979 ἑτοῖμοι
658 2919 826 2976 ποροογεοόμεοοο
835 2921 882 2969 dve-
