1932 3115
444 131 489 174 153

32 286 34 329 J
89 273 191 334 monium
207 285 232 331 id
247 290 338 345 quoque
350 283 421 339 valet,
435 283 509 344 quod,
523 283 611 329 virente
623 282 698 328 adhue
712 282 796 339 Dione,
809 282 837 329 ab

89 373 187 420 inimicis
206 373 254 418 eius
271 388 348 417 rumor
364 378 460 433 ‘sparsus'
474 376 507 416 est
525 370 731 432 (testePlutaroho
752 388 770 416 e.
784 372 837 432 56),

91 478 154 517 eum,
173 477 244 521 quum
264 460 312 521 ipse
328 459 375 505 filio
393 458 485 506 orbatus
503 464 573 514 esset,
592 458 771 520 Apollocratem,
784 460 838 506 Dio-

25 611 27 614 ,
91 548 149 610 nysii
176 548 269 594 minoris
295 547 382 603 filium,
407 551 524 593 strenuum
546 547 665 608 juvenem,
689 563 838 593 successorem

91 636 134 687 sibi
144 635 274 682 destinasse.
294 634 460 693 Quamobrem,
470 634 515 681 uisi
523 634 626 696 scriptori
633 639 710 681 nostro
720 635 767 681 sine
776 636 839 697 justa

91 740 159 770 eausa
172 728 263 785 turpem
273 723 392 769 inseitiam
404 705 518 785 imputare
528 722 646 779 volumus,
658 739 749 769 neeesse
758 729 792 768 est
800 722 837 768 hie

91 811 187 858 alterum
198 810 351 873 Hipparinum
366 810 476 871 intelligi,
493 810 532 872 qui
544 810 605 856 idem
618 811 644 856 in
655 809 759 872 Epistola
766 809 837 867 VIII,
892 800 894 803 Α

91 916 113 961 p.
132 901 179 945 356
197 900 231 955 A,
250 898 397 959 significatur.
416 897 484 956 Quod
502 897 529 944 de
542 903 615 945 aetate
626 898 707 951 Dionis
721 904 743 945 et
755 898 841 961 Hippa-

90 987 135 1033 rini
151 986 218 1042 dicit,
236 986 303 1048 plane
320 987 431 1033 convenit.
456 984 517 1032 Nam
534 987 610 1047 primo
627 986 729 1046 Platonis
742 986 839 1033 adventu

91 1075 115 1120 in
138 1073 237 1120 Siciliam
259 1073 304 1120 Dio
328 1078 375 1120 erat
394 1074 483 1135 juvenis
504 1074 586 1135 viginti
605 1090 728 1130 annorum3
747 1074 840 1120 eandem

91 1163 137 1208 fere
150 1168 245 1209 aetatem
256 1162 361 1223 attigerat
373 1159 528 1224 Hipparinus,
542 1162 615 1208 oeeiso
623 1161 703 1208 Dione.
716 1163 732 1223 ¹)
751 1161 839 1220 Quodsi
869 1196 873 1204 .

91 1249 129 1296 hio
156 1249 305 1312 intelligitur,
329 1251 467 1312 comparatio
489 1251 549 1297 inter
573 1267 624 1297 eum
647 1255 670 1297 et
697 1249 793 1297 Dionem
815 1251 839 1297 in

57 1358 63 1361 ·
91 1338 135 1384 hoo
157 1338 231 1401 posita
244 1323 303 1399 est:-
323 1339 514 1399 quemadmodum
532 1339 591 1395 Dio,
616 1349 684 1400 quem
700 1339 790 1402 juvenis
807 1355 840 1384 os-

90 1425 164 1473 tendit
184 1425 296 1472 libertatis
320 1442 430 1484 amorem,
455 1427 552 1493 eundem
574 1443 662 1489 semper
683 1427 791 1485 retinuit,
808 1421 843 1473 ita

91 1530 179 1575 sperare
195 1510 249 1560 111111
265 1514 313 1560 fore
328 1518 356 1560 ut
372 1513 513 1576 Hipparinus
523 1531 628 1576 quoque,
643 1514 705 1576 quod
715 1531 777 1561 nune
789 1514 841 1561 ado-

90 1601 176 1648 lescens
193 1601 292 1648 ostendit
308 1602 436 1663 ingenium,
454 1601 479 1647 id
495 1618 535 1664 per
550 1602 664 1663 reliquum
678 1602 738 1664 uitae
746 1608 836 1664 tempus

93 1694 173 1736 servet.
187 1691 204 1752 2)

124 1777 175 1825 Tali
194 1778 379 1840 interpretatione
399 1778 419 1824 si
435 1778 561 1841 Epistolam
577 1778 625 1825 VII
641 1779 705 1841 turpi
722 1796 794 1825 errore
815 1779 842 1825 li-

76 1866 169 1913 terere
190 1867 256 1924 licet,
280 1866 342 1913 idem
364 1872 441 1914 tamen
463 1867 543 1914 vitium
566 1868 669 1914 inhaeret
691 1868 716 1914 in
738 1867 841 1931 Epistola

92 1953 159 2000 VIII.
193 1954 298 2016 Pingitur
320 1956 353 2002 ibi
376 1955 421 2001 Dio
445 1956 528 2002 amieos
546 1972 599 2002 suos
617 1973 644 2002 ex
661 1956 737 2002 inferis
756 1955 842 2018 alloqui

92 2057 173 2102 eosque
190 2042 275 2088 hortari
292 2048 319 2089 ut
334 2060 411 2105 regem
429 2037 570 2091 constituant
586 2048 667 2102 πρῶτον
684 2045 723 2100 μὲν
742 2046 777 2092 τὸν
791 2044 842 2101 ἐμὸν

93 2130 171 2193 (ipsius
188 2130 277 2193 Dionis)
294 2131 348 2188 υἱὸν,
365 2132 461 2191 χαρίτων
479 2130 541 2180 ἕνεκα
551 2133 637 2189 διττῶν,
647 2139 686 2188 τῆς
694 2151 720 2185 ,τε
729 2135 781 2191 παρ’
789 2134 841 2190 ἐμοῦ

94 2312 139 2347 diSse
154 2310 229 2346 dleitnr:
242 2312 283 2348 εἶναι
294 2312 338 2348 αὐτὰ
352 2313 371 2347 οὐ
383 2314 450 2355 Δίωνος,
465 2314 509 2349 ἀλλὰ
521 2317 558 2350 τοῦ
570 2316 641 2359 υἱέος,
655 2312 699 2354 ὄντος
711 2315 743 2358 μὲν
754 2313 842 2362 ἀδελφιδοῦ

94 2385 154 2423 αὐτοῦ,
164 2381 182 2417 h.
195 2393 210 2417 e.
223 2381 304 2427 Dionysii
309 2396 314 2424 ;
331 2384 348 2416 et
360 2394 377 2428 p.
391 2381 426 2419 347
440 2382 466 2417 D:
480 2385 509 2420 ὅτε
521 2383 541 2425 δή
553 2397 583 2430 μοι
595 2385 624 2420 καὶ
636 2383 715 2424 traderes
727 2386 799 2430 ἐμνήσθη
811 2385 840 2419 λε’-
865 2368 869 2372 ¹

93 2467 135 2499 γων,
156 2455 182 2490 ὅτι
201 2457 230 2496 τὴν
247 2453 325 2499 aptentur
342 2457 373 2494 τῆς
391 2453 447 2493 οὐσίας
466 2452 507 2489 εἶναι
527 2453 561 2489 δέοι
573 2453 642 2500 Δίωνος,
655 2457 684 2495 risa
697 2450 795 2499 d'trproer'aa
807 2455 842 2490 τοῦ

95 2526 160 2565 υἱέος)

92 2630 94 2632 ,
120 2595 137 2639 1)
151 2594 283 2631 Demonstravit
296 2594 329 2629 hoo
342 2592 425 2629 Salomon
438 2592 457 2629 11.
470 2605 488 2640 p.
501 2594 535 2636 11,
553 2593 617 2640 quide
630 2593 729 2640 Hiqtparino
742 2595 760 2629 et
766 2594 787 2629 de
794 2593 842 2629 omni

94 2666 220 2713 Dionysiorum
238 2665 303 2701 familia
320 2666 401 2700 accurate
417 2664 506 2711 disputat,
526 2676 544 2711 p.
558 2665 618 2700 9-14
631 2668 648 2700 et
661 2665 684 2700 21
698 2677 736 2712 sqq.
761 2665 842 2701 Incertus

94 2740 153 2773 tamen
166 2738 237 2780 haeret,
251 2741 291 2773 uter
302 2736 427 2783 intelligendus
440 2736 468 2771 sit.

120 2808 137 2853 2)
149 2809 202 2845 Hune
214 2821 251 2845 esse
264 2802 333 2844 sensum
346 2808 440 2844 verborum
452 2810 476 2849 εἰς
488 2810 574 2851 mandras
582 2807 841 2858 lo'dast'tpporomupraindi-

95 2879 143 2922 oevi,
156 2892 173 2926 p.
186 2881 217 2915 45.
242 2880 295 2928 Quod
312 2879 328 2915 si
344 2882 444 2926 reputasset
457 2878 549 2922 Salomon,
562 2890 607 2922 non,
621 2878 693 2925 opinor,
706 2878 785 2926 ineptam
797 2878 842 2914 hane

95 2950 243 2997 comparationem
254 2949 360 2997 judicasset,
373 2961 391 2998 p.
405 2950 434 2986 11.
