1932 3115
509 129 538 172 lt

154 283 254 341 oportet:
278 297 319 326 cur
341 281 413 337 enirn,
430 285 551 342 postquam
570 263 705 349 nominatim
720 281 895 343 Aristophanem

154 367 232 414 citavit
248 368 307 415 inter
324 385 361 415 eos
379 369 419 430 qui
435 368 535 430 dialogos
552 368 577 415 in
593 361 694 430 trilogias
711 369 848 426 diviserunt,
871 370 896 416 in

154 456 297 503 memoranda
318 457 368 518 ipsa
390 457 499 503 divisione
521 456 591 504 alium
613 462 727 504 auctorem
748 458 908 519 sequeretur?¹

154 543 237 591 Tamen
260 562 301 607 pro
324 545 461 607 negligentia
484 561 529 606 qua
551 545 590 592 ille
613 546 735 608 excerpsit,
756 546 804 592 fieri
822 551 896 608 potest

155 637 181 678 ut
203 632 290 679 diversa
312 633 439 689 miscuerit,
460 633 495 679 uti
513 633 618 695 opinatur
635 633 730 680 Sttclrow
747 618 894 695 (Wissensclr.

154 719 222 766 Torm
242 720 263 765 d.
281 720 369 786 Platon.
382 719 444 766 Schr.
457 737 478 782 p.
493 722 538 766 165
552 723 601 782 sq.),
617 721 667 766 ideo
679 721 820 784 praesertim,
834 721 895 782 quod
946 776 948 780 ,

154 809 179 855 in
195 813 243 855 tota
258 808 298 855 illa
314 808 463 871 descriptione
475 808 557 855 diuersi
568 810 695 871 argumenti
706 810 789 871 scripta
800 810 832 855 ita
844 827 895 856 con-

155 896 237 956 sociata
260 901 325 953 sunt,
346 901 373 942 ut
390 896 451 942 docti
467 896 607 958 grammatici
621 896 735 963 judicium*
750 897 812 943 haud
830 897 895 944 facile

155 1000 269 1046 agnoscas.
303 982 363 1031 Nam
386 1001 430 1046 qua
452 984 539 1036 ratione
561 984 621 1031 inter
637 1001 660 1030 se
678 985 809 1042 cohaerent,
828 1001 896 1046 quam

155 1072 262 1134 quintam
285 1072 398 1134 trilogiam
425 1072 491 1128 facit,
517 1072 609 1130 Κρίτων,
636 1073 730 1127 Φαίδων,
751 1073 895 1120 'narratur

155 1160 199 1207 Res
216 1161 301 1207 incerta
318 1166 358 1207 est.
376 1160 483 1207 Attamen
500 1161 588 1207 etiamsi
604 1160 659 1208 haec
676 1160 756 1207 divisio
770 1178 817 1207 non
827 1161 896 1208 fuerit

156 1249 324 1311 Aristophanis,
342 1249 401 1296 illud
417 1249 562 1312 probabiliter
578 1249 647 1296 statui
663 1266 729 1313 posse
746 1249 825 1306 crede,
847 1249 896 1296 Ari·

155 1337 287 1400 stophanem
306 1337 420 1400 Epistulas
442 1338 467 1384 in
488 1337 616 1399 catalogum
632 1338 753 1400 recepisse,
772 1337 791 1383 si
809 1337 896 1383 omisis-

156 1431 201 1482 set,
225 1425 324 1472 dubitari
345 1426 384 1488 vir
404 1407 480 1489 potest
502 1425 558 1487 quin
578 1425 606 1472 ab
629 1425 705 1487 aliquo
728 1429 787 1472 certe
804 1426 898 1472 recenti

157 1531 221 1561 orum
237 1514 296 1561 inter
312 1514 452 1570 νοίενομένονς
469 1514 546 1570 λόγους
563 1518 693 1561 numeratae
704 1514 807 1561 luissent.
825 1506 907 1576 Atqui

157 1608 179 1650 et
195 1620 209 1648 a
224 1602 331 1649 Cicerone
350 1607 373 1649 et
393 1620 406 1649 a
425 1602 542 1664 Thrasyllo
560 1607 582 1650 et
599 1619 612 1648 a
627 1602 736 1664 Dionysio
756 1602 898 1649 Halicarnas-

157 1692 215 1739 sensi
232 1684 275 1752 (De
297 1691 320 1737 vi
336 1691 426 1738 dicendi
441 1691 558 1738 Demosth.
579 1708 601 1753 p.
624 1692 696 1753 1027)
716 1683 840 1752 c‘eterisque
858 1679 904 1752 qui

157 1797 232 1827 earurn
249 1780 387 1827 mentionem
406 1781 520 1837 fecerunt,
541 1796 581 1841 pro
601 1779 707 1841 genuinis
728 1778 818 1825 habitae
836 1783 896 1825 sunt.

157 1868 262 1915 Ceterum
280 1873 338 1929 quot
352 1864 459 1930 epistolae
477 1868 546 1914 lectae
557 1868 643 1914 tuerint
654 1867 681 1914 ab
694 1866 845 1928 Aristophane
857 1872 897 1912 aut

157 1956 186 2003 ad
197 1972 253 2017 quos
265 1956 372 2019 scriptae,
384 1973 431 2003 non
442 1955 539 2002 additur.
557 1955 586 2002 ln
597 1955 727 2017 tetralogias
737 1960 813 2002 autem
821 1954 899 2001 divisit

157 2044 299 2106 Thrasyllus,
312 2060 408 2105 quarum
421 2060 505 2090 nonam
519 2044 565 2090 sive
580 2042 685 2089 ultimam
697 2042 821 2101 secundum
832 2040 899 2088 Laer-

157 2133 214 2179 tium
236 2132 361 2179 efficiebant
382 2132 437 2178 haec
460 2132 555 2194 scripta:
579 2130 662 2185 Μίνως,
679 2130 759 2187 Νίμον,
777 2129 898 2186 Ἐπινομίς,

157 2221 292 2268 Ἐπιστολαί.
308 2220 366 2268 Tum
375 2220 491 2283 Epistolas
501 2224 617 2267 enumerat
627 2219 663 2266 his
674 2211 758 2265 verbis:
770 2217 898 2265 Ἐπιστολαί

157 2308 306 2367 τρισκαίδεκα,
321 2307 402 2366 ἠθικαί,
420 2304 486 2361 ἐναῖς
498 2307 594 2366 ἔγραψεν
610 2305 637 2354 εὖ
653 2306 834 2366 πράττειν...
850 2306 899 2365 πρὸς

157 2395 317 2459 Ἀριστόδημον7
329 2396 372 2452 μία
377 2432 383 2455 ‚
401 2395 451 2455 πρὸς
469 2395 582 2454 Ἀρχύταν
599 2394 646 2448 δύο,
657 2394 712 2466 1πρὸς
730 2392 835 2441 Διονύσιον
852 2392 900 2439 τέω-

159 2476 235 2541 ταρες,
253 2484 302 2542 πρὸς
320 2484 420 2542 Ἑρμείαν
430 2483 472 2530 καί
488 2482 594 2542 ’Έραοτον
610 2482 647 2529 καί
664 2477 761 2541 Κορίονων
777 2480 830 2537 μία,
849 2480 900 2540 πρὸς

158 2570 311 2627 teatinam
332 2572 387 2628 μία,
411 2571 461 2630 πρὸς
485 2571 557 2618 Δίωνα
576 2570 629 2631 μία,
648 2570 698 2628 πρὸς
715 2568 831 2628 Περδίκκαν
848 2568 901 2625 μία,

159 2659 209 2718 πρὸς
226 2653 275 2711 τοὺς
293 2660 369 2712 Δίωνος
387 2660 470 2713 οἰκείους
488 2659 530 2707 δύο.

193 2747 262 2794 Hunc
286 2747 371 2795 La'e'rtii
393 2749 490 2796 indicem
513 2749 532 2795 si
555 2745 606 2796 eum
631 2747 724 2810 vulgata
748 2746 901 2809 Epistolarum

160 2835 245 2898 sylloge
267 2852 433 2898 comparamus,
465 2837 567 2884 videmus
590 2828 655 2884 ambo
678 2835 766 2883 duabus
789 2835 813 2881 in
835 2834 902 2882 rebus

160 2924 254 2996 paulurn
271 2924 403 2995 discrepare,
437 2925 539 2980 Trinium
549 2925 580 2989 ,111
591 2925 646 2985 hoc,
660 2924 721 2990 quod
731 2923 836 2974 Laertius
848 2923 903 2972 citat
