1932 3115
423 137 463 180 ‘tl

79 294 196 341 dominum
218 308 242 336 se
264 290 371 351 gessisse,
393 305 458 334 nemo
479 288 598 334 mirabitur
613 289 652 349 qui
668 288 749 349 legerit
766 305 823 348 quae
875 298 879 301 ’

76 383 204 429 referuntur
221 378 248 424 ab
266 377 383 423 Athenaeo
400 376 457 422 libro
475 375 511 421 XI
529 381 587 431 extr.

107 467 169 514 Huic
186 464 293 526 epistolae
310 480 379 509 sensu
390 464 418 509 vet
435 464 552 509 volimtate
569 463 636 524 plane
654 464 766 509 contraria
789 469 823 509 est

77 556 168 610 ultima,
183 551 259 598 EIH:
278 556 304 598 ut
320 551 361 596 illa
377 550 519 612 implacabile
536 549 615 596 odium
632 550 756 611 spirat‚ita
768 551 822 597 baec

75 644 178 689 intimam
200 620 288 686 redolet
310 638 492 685 familiaritatem.
528 638 558 683 Et
576 643 651 684 tamen
669 639 747 684 ambae
764 639 822 685 cirea

74 732 134 790 idem
150 734 240 790 tempus
252 728 348 789 scriptae
359 728 490 788 finguntur,
510 743 535 773 eo
553 726 639 773 scilicet
650 732 763 789 tempore,
776 743 821 788 quo

74 819 139 865 Plato
162 817 190 863 ob
213 816 307 878 injurias
330 816 401 862 Dioni
422 814 510 871 illatas,
526 820 624 881 *turpem
647 814 820 876 relegationem,

73 905 164 951 vendita
180 904 250 959 bona,
269 919 362 949 uxorem
374 902 439 948 alteri
451 902 539 958 datam,
557 902 700 948 uehementer
711 901 820 963 Dionysio

72 994 173 1058 intensus
192 996 256 1037 esset.
291 990 373 1051 Itaque
390 990 449 1035 duae
465 989 508 1036 liae
525 989 653 1051 Epistolae,
675 990 689 1035 Ι
706 994 728 1035 et
744 989 819 1046 Xffl,

73 1084 100 1126 ut
115 1080 174 1125 inter
191 1095 214 1124 se
225 1084 339 1140 puguant,
357 1078 390 1123 ita
402 1094 455 1123 cum
466 1064 576 1138 Epistolis
587 1076 627 1123 ΙΠ
644 1083 666 1123 et
677 1076 725 1123 VH
736 1094 819 1138 nequa-

18 1181 20 1184 ‘
75 1183 142 1227 quam
160 1170 296 1226 congruunt.

104 1253 208 1316 Epistola
224 1250 260 1298 IV
269 1252 360 1313 ”scripta
376 1257 409 1298 est
420 1251 501 1308 Dioni,
520 1268 591 1314 quum
603 1251 697 1315 expulso
709 1252 818 1314 Dionysio

72 1342 96 1386 in
121 1340 197 1386 Sicilia
222 1345 354 1386 uersaretur.
389 1339 502 1385 Hortatur
527 1356 579 1385 eum
606 1345 632 1385 ut
656 1340 770 1386 moderate
794 1358 818 1386 se

72 1432 135 1489 gerat
151 1427 176 1474 in
192 1427 286 1489 imperio
313 1432 384 1488 utque
409 1443 461 1472 cum
478 1426 640 1483 familiaribus,
658 1426 778 1473 Heraclide
796 1433 819 1473 et
872 1428 874 1431 ’

71 1515 193 1571 Theodoto,
207 1514 349 1561 concordiam
358 1519 437 1570 seruet,
451 1514 626 1560 aemidationem
634 1514 697 1560 uitet.
715 1514 765 1560 Hac
775 1515 820 1577 epi-

49 1643 50 1646 ,
71 1604 129 1649 stola
139 1603 202 1649 uelut
212 1603 314 1665 exemplo
323 1602 456 1659 ostenditur,
470 1607 556 1663 quauta
564 1619 618 1648 cura
626 1602 692 1649 Plato
702 1602 818 1649 absentem

71 1691 168 1736 amicum
185 1694 208 1735 et
224 1690 362 1752 discipulum
379 1689 479 1736 consiliis
491 1695 585 1751 regeret.
605 1689 664 1736 Oum
675 1690 780 1752 Epistola
791 1690 818 1736 Π

70 1777 129 1823 hanc
146 1778 325 1823 convenientiam
341 1777 423 1833 babet,
442 1776 504 1838 quod
520 1778 640 1838 utriusque
658 1782 816 1839 argumentum

71 1869 93 1909 et
110 1863 176 1910 stilus
192 1864 296 1910 redolent
313 1865 406 1921 μελετὴν
423 1864 571 1911 rhetoricam:
590 1864 659 1910 altera
669 1864 816 1926 Dionysium,

71 1949 145 2013 altera
162 1951 260 1998 Dionem
282 1968 422 1998 summorum
442 1952 542 1998 uirorum
566 1932 667 2014 exemplo
690 1952 771 1998 incitat
788 1953 816 1998 ad

69 2035 177 2084 uirtutem
194 2043 216 2084 et
233 2039 374 2086 honestatem
378 2059 385 2096 5
404 2039 482 2086 eadem
497 2040 605 2086 iactantia
621 2041 646 2086 in
657 2046 753 2101 utraque
765 2057 816 2088 con-

72 2126 179 2187 spicitur,
204 2143 229 2173 ac
252 2127 336 2173 similes
358 2144 429 2189 paene
446 2128 570 2174 sententiae
586 2128 611 2174 in
626 2129 654 2174 iis
671 2128 779 2191 leguntur
791 2131 817 2192 l).

70 2214 155 2260 Ambae
173 2214 222 2271 ¹hae
251 2215 370 2276 epistolae,
398 2231 535 2276 quamquam
558 2232 634 2262 earum
660 2223 817 2277 argumentum
881 2240 882 2244 ¹

69 2317 80 2346 e
103 2300 152 2346 VH
174 2302 239 2362 quasi
262 2319 273 2347 e
295 2303 410 2347 communi
432 2303 527 2348 armario
551 2302 695 2364 depromtum
712 2303 816 2361 videtur,

69 2392 146 2433 tamen
163 2388 270 2434 orationis
288 2389 361 2435 colore
379 2394 401 2435 et
417 2390 530 2435 tractandi
546 2390 634 2436 ratione
650 2391 730 2436 multis
746 2393 817 2439 nomi-

70 2474 138 2521 nibus
154 2475 197 2521 hac
213 2475 329 2522 inferiores
347 2483 401 2523 sunt
417 2476 540 2523 habendae.

75 2630 216 2637 ——.-..-—

94 2717 112 2761 1)
126 2717 155 2752 Of.
174 2718 208 2764 Ep.
222 2718 251 2769 Π,
265 2731 283 2765 p.
297 2719 333 2754 3l0
345 2720 371 2755 E:
392 2720 427 2758 οὔτ’
446 2723 493 2758 αὐτοὶ
511 2726 583 2767 ἀγνῶτές
601 2725 652 2770 ἐσμεν
668 2724 719 2760 οὐδενὶ
731 2723 819 2776 Ἑλλήνων,

68 2785 101 2823 οὔθ’
112 2792 122 2830 ἡ
135 2791 210 2826 amovete
221 2793 267 2837 ἡμῶν
280 2798 349 2837 σιγᾶται
362 2794 396 2828 are.
415 2797 433 2827 et
449 2792 482 2839 Ep.
500 2792 532 2835 IV,
552 2804 569 2839 p.
592 2793 628 2828 320
646 2794 671 2829 C:
689 2801 821 2843 ἀναμιμνήσκειν

67 2858 92 2910 det
104 2862 150 2911 ἡμᾶς
163 2862 222 2902 αὐτοὺς
235 2863 261 2898 ὅτι
274 2868 355 2915 apostati
370 2865 419 2900 ulca
436 2867 447 2905 ἠ’
463 2864 527 2900 παίδων
543 2871 574 2901 τῶν
591 2866 645 2903 ἄλλον
657 2870 747 2915 ἀνθρώπων
761 2868 820 2916 διαφέ-

68 2942 104 2977 ρειν
117 2931 155 2983 τοὺς
167 2931 215 2968 οἶσθα
228 2933 285 2974 δήπου.

837 237 845 259 t
