1932 3115
177 300 222 344 quo
239 271 341 330 Platonis
359 284 429 330 oratio
446 284 510 329 nitet.
545 284 649 345 Denique
666 288 715 329 tota
732 269 801 330 flictio
819 257 850 329 sic
863 300 921 329 com-

178 376 256 433 parata
278 376 322 428 est,
349 376 376 418 ut
401 372 440 433 qui
465 375 551 418 attente
573 389 622 418 eam
644 371 705 433 legat
727 371 792 418 facile
816 376 921 433 agnoscat

177 477 223 506 non
245 477 377 522 germanum
399 460 516 526 Platonem
539 477 562 506 se
585 460 669 521 legere,
692 459 731 506 sed
752 459 856 518 sedulum
872 460 921 505 imi-

178 553 287 604 tatorem,
311 548 351 610 qui
372 547 446 594 verbis
469 548 585 594 sententiis
608 547 700 594 floribus
720 548 821 609 undiquc
839 564 866 593 ex
882 547 921 593 illo

178 635 310 696 conquisitis
325 652 382 698 opus
394 652 462 681 suum
477 635 651 697 ⁴concinnaverit.

210 724 262 770 Jam
285 740 371 770 summa
394 722 531 784 quaestionis
554 724 629 785 posita
651 723 725 769 estin
741 723 844 785 Epistola
861 722 920 779 VH,

179 830 246 874 quam
266 812 367 874 plerique
384 811 513 857 etiamnunc
529 812 565 858 vel
585 812 612 858 ab
630 812 679 873 ipso
698 811 794 858 Platone
810 811 846 857 vel
863 815 921 857 certe

179 901 206 947 ab
224 899 298 960 aliquo
315 900 363 946 eius
379 892 524 960 familiarium
541 899 646 961 scriptam
664 899 798 945 existimant.
833 898 921 956 Qnodsi
955 885 957 887 Ι

178 989 233 1047 llaec
254 1004 306 1034 vera
322 994 345 1034 et
361 987 447 1034 sincera
464 992 508 1044 est,
531 991 616 1034 ceterae
634 1003 734 1048 quoqne,
753 988 795 1034 etsi
811 987 851 1033 illa
867 988 921 1033 inf-

177 1078 256 1133 110111,
279 1092 326 1122 non
347 1076 433 1122 nullius
456 1075 524 1137 pretii
541 1080 607 1122 erunt
623 1075 751 1132 habendam
775 1076 811 1122 sin
829 1076 882 1121 ficta
899 1079 921 1121 et

179 1148 328 1226 suppositicia‚
340 1164 440 1225 reliquae
449 1166 529 1225 sponte
541 1167 655 1209 corruunt.
673 1162 702 1209 In
714 1179 758 1224 qua
767 1163 861 1225 epistola
870 1180 921 1209 exa-

179 1252 286 1298 minanda
303 1268 374 1312 quum
391 1252 465 1297 adhuc
482 1251 553 1297 critici
570 1268 616 1297 non
628 1268 677 1297 eam
689 1250 819 1297 collocarint
831 1268 921 1314 operam

181 1356 249 1400 quam
259 1356 294 1385 res
306 1339 419 1400 postulat,
433 1338 461 1385 dc
472 1338 514 1384 lrac
526 1338 658 1400 diligentins
667 1338 732 1385 nobis
744 1339 786 1385 crit
797 1327 920 1400 agencium,
957 1337 958 1340 ’

180 1444 223 1490 quo
239 1426 267 1472 ad
284 1420 408 1473 ceterarum
422 1426 535 1489 judicium
546 1428 582 1473 ria
593 1427 658 1474 nobis
670 1426 742 1473 facilis
754 1432 777 1473 et
786 1431 862 1489 aperta
871 1427 919 1472 erit.
