1932 3115
503 135 506 220 J
544 151 557 194 ι

212 305 326 368 Epistolae
347 306 390 352 hae
412 310 438 352 nt
460 305 557 367 primum
576 305 601 351 in
617 303 686 351 Italia
703 305 807 367 vulgatae
824 310 878 352 sunt
895 310 918 352 et

179 394 203 439 in
227 394 366 440 eruditorum
387 394 492 440 notitiam
513 393 624 455 perlatae,
647 376 745 441 maxima
763 393 867 459 {omnium
884 394 921 440 ad-

179 483 296 529 miratione
314 488 366 529 sunt
384 487 494 545 exceptae.
528 480 632 539 FicinuS,
650 481 787 529 Laurentius
804 483 920 545 Mediceus

180 587 302 632 eorumque
323 570 441 617 familiares
462 573 508 615 tam
531 569 649 616 verborum
670 576 692 617 et
715 571 822 617 orationis
840 575 921 616 ornatu

179 675 246 719 quam
266 659 384 720 praeclaris
401 655 516 704 sententiis
534 662 601 718 atque
622 658 693 704 effatis
711 675 803 704 arcanae
821 657 918 719 quadam

179 747 299 808 sapientiae
320 747 392 808 specie
408 745 530 802 involutis,
549 745 631 807 quilius
649 730 691 792 hae
708 746 816 808 epistolae
832 746 930 802 nitent„

177 835 210 879 ita
230 834 290 896 capti
306 838 371 889 sunt,
390 838 416 878 ut
432 832 592 894 pulcerrimum
610 850 646 879 eas
663 824 772 880 habereiit
789 832 918 879 excellentis

178 921 263 983 ingenii
287 926 309 966 et
329 921 450 983 sapientiae
472 937 543 983 prope
566 920 654 967 [livinae
672 905 745 983 opusJ
759 921 819 968 unde
840 920 868 966 ad
888 922 919 967 ri-

178 1014 223 1055 tam
243 1009 356 1071 publicam
379 1013 401 1055 et
422 1008 579 1066 domesticam,
604 1009 633 1055 arl
650 1009 765 1055 scientiam
782 1026 856 1055 rerum
872 1014 919 1054 tam

177 1096 303 1142 divinarum
331 1113 397 1156 quam
422 1096 573 1143 humanarum
598 1096 739 1143 saluberrimi
764 1097 850 1143 fructus
869 1097 918 1158 capi

176 1189 274 1245 possent.
287 1184 303 1245 I)

209 1273 313 1318 Attamen
333 1272 378 1333 jam
395 1270 454 1317 inter
471 1275 555 1318 veteres
572 1271 728 1332 grammaticos
744 1271 813 1317 fuisse
831 1270 870 1331 qui
889 1287 915 1315 er

177 1360 320 1422 epistolarum
335 1359 426 1405 illarum
442 1376 536 1405 numero
554 1375 622 1405 unam
634 1359 771 1421 alteramque
783 1358 916 1414 eximerent,

176 1452 267 1509 apparet
288 1463 315 1492 ex
335 1447 499 1508 antiquioribus
517 1446 644 1503 codicibus,
666 1448 707 1508 qni
722 1446 838 1509 Epistolae
855 1446 917 1492 XIII

176 1535 306 1580 adscribunt
327 1532 443 1591 inlaterat,
467 1548 561 1596 eamque
583 1536 659 1581 omisit
675 1536 699 1581 iu
716 1535 817 1581 versione
834 1533 917 1580 Latina

175 1621 272 1668 Fioinus.
285 1622 336 1668 Duo
348 1626 422 1669 autem
431 1622 529 1679 codices,
541 1622 723 1669 Vindobonensis
736 1628 757 1668 et
766 1623 916 1678 Matritensis,

176 1710 241 1756 etiam
256 1691 373 1771 Epistolae
382 1709 431 1756 XII
442 1710 596 1773 subscriptum
607 1710 692 1757 hahent
705 1709 844 1767 ἀντιλέγεται
856 1712 882 1762 ὡς
894 1712 916 1756 οὐ

175 1796 295 1849 Πλάτωνος.
305 1797 321 1858 ²)
339 1796 414 1855 Quam
431 1802 507 1844 notam
524 1814 571 1844 non
586 1797 652 1843 rideo
664 1814 703 1843 cur
714 1798 769 1843 item
781 1797 809 1843 ad
820 1797 916 1858 priorem

174 1884 248 1941 illam,
260 1884 322 1931 XIII
333 1884 394 1943 dico,
406 1885 583 1932 transferendam
594 1890 712 1947 putemus,
722 1889 749 1931 ut
758 1886 823 1931 Aetio
832 1885 917 1947 placuit

165 1971 265 2040 ¹(Plato's
282 1972 336 2019 Lea.
354 1990 376 2019 u.
394 1972 457 2020 Schr.
475 1991 497 2036 p.
517 1976 562 2021 527
580 1975 650 2035 not.):
668 1973 723 2019 haec
741 1973 800 2019 enim
820 1972 916 2034 epistola

173 2060 205 2105 ita
228 2066 354 2123 comparata
371 2065 416 2118 est,
434 2066 461 2107 ut
477 2077 543 2107 nemo
562 2061 602 2122 qui
618 2060 681 2107 illam
698 2066 789 2122 respuat
808 2061 862 2107 linio
879 2078 917 2122 pa-

173 2148 279 2210 trocinari
295 2153 369 2209 queat.
398 2148 505 2196 Ceterum
523 2149 550 2196 ab
564 2149 609 2195 isto
624 2148 676 2195 inde
687 2153 788 2218 tempore
803 2148 916 2210 usquead

174 2235 271 2282 medium
281 2237 395 2305 saeculum
407 2236 498 2294 XVIII,
508 2237 625 2299 Epistolae
632 2253 678 2283 uno
688 2237 789 2284 omnium
798 2237 915 2284 doctorum

174 2338 283 2370 consensu
294 2341 334 2386 pro
345 2325 456 2386 germanis
468 2325 570 2372 Platonis
582 2325 688 2387 operibus
700 2330 754 2371 sunt
765 2324 867 2381 habitae,
881 2342 916 2371 er-

173 2415 238 2470 cepta
254 2398 327 2469 XIII,
343 2428 411 2473 quam
427 2412 613 2459 aldobrandinus
631 2412 668 2473 (ad
685 2412 752 2473 Diog.
770 2411 845 2458 Latrt.
863 2411 913 2468 III,

174 2498 213 2558 61)
236 2502 258 2560 et
280 2497 402 2546 Cudworth
425 2500 491 2562 (Syst.
513 2483 621 2546 intellect.
638 2499 685 2557 IV,
705 2501 744 2561 23)
762 2499 844 2559 aliique
861 2516 915 2546 non-

196 2676 214 2720 1)
227 2676 267 2712 rid.
283 2689 299 2713 e.
310 2690 328 2725 g.
344 2678 415 2714 Ficinns
427 2679 446 2715 in
459 2682 519 2714 annot.
532 2678 553 2714 ad
565 2678 623 2724 epist.
636 2679 664 2721 Π,
678 2678 697 2714 in
710 2690 744 2725 qua
756 2677 864 2724 „mysteria”
880 2678 914 2713 sihi

171 2745 258 2782 invenisse
275 2746 364 2783 ridebatur
381 2760 436 2795 „quae
448 2750 513 2785 mirum
526 2749 544 2784 in
557 2749 629 2784 modum
642 2750 735 2794 praecepta
747 2748 852 2794 Euangeliou
866 2760 913 2784 com·

103 2850 104 2853 ,
171 2815 265 2863 probant.”

195 2887 214 2932 2)
226 2886 267 2922 rid.
279 2887 413 2931 Westeirnann,
426 2890 452 2924 De
465 2890 571 2936 Epistologr.
585 2891 615 2925 er.
629 2889 671 2924 Pars
685 2888 757 2934 septima
770 2888 789 2923 in
798 2889 913 2936 Prognlsips.

171 2954 229 3000 1854,
243 2969 294 3005 quem
307 2958 369 2994 ducem
381 2960 400 2994 in
413 2960 440 2994 his
454 2972 523 3007 sequor,
