1932 3115
502 127 548 170 aaa
580 182 582 184 ¹

151 275 227 331 λόγον.
236 313 254 323 ..
267 274 326 331 ἄξιον
334 278 448 332 σπουδῆς
460 277 580 337 γεγονέναι,
594 295 645 325 cum
653 278 770 340 frequente
778 296 894 325 usuroca·

152 362 201 408 buli
217 365 328 417 σπουδαῖος
345 365 370 411 in
385 363 500 426 Epistolae
517 364 566 428 loco
584 365 658 411 allato.
693 366 755 413 Haec
771 366 826 413 talia
839 367 893 414 suut

151 456 177 496 ut
194 451 280 513 puerile
295 451 399 498 imitandi
416 451 517 498 studium
534 452 636 513 prodant.

184 537 208 583 Si
230 539 362 585 sententiam
385 544 487 600 spectes,
511 545 602 601 apparet
618 538 832 601 Epistolographum
850 541 892 586 hoc

150 624 248 672 Phaedri
268 626 317 672 loco
334 627 366 672 ita
383 642 448 674 usum
467 643 526 683 esse,
544 632 570 672 ut
587 642 644 687 qnae
661 626 693 673 ibi
710 626 795 673 Socrati
812 627 911 673 tribuit

150 712 228 771 Plato,
247 714 312 760 eain
329 714 404 775 ipsum
420 713 539 760 Platonem
555 714 674 760 transferat
679 734 686 771 ;
705 714 766 775 quod
778 731 849 776 aeque
858 716 892 761 in·

151 792 276 863 congruum
298 807 320 847 et
337 801 446 848 absonum
463 807 496 848 est
519 802 592 858 acsi,
615 818 672 862 quae
694 803 718 848 in
735 802 847 870 Apologia
863 802 891 848 cle

151 905 191 934 sua
208 889 324 935 hominum
341 889 489 950 percontandi
499 890 586 935 ratione
598 888 699 935 Socrates
711 888 816 947 disserit,
831 907 856 936 ea
867 890 891 936 in

125 1006 129 1010 -
150 976 267 1023 Platonem
288 977 470 1024 transferrentur.
504 976 569 1023 Plato
586 977 614 1023 iis
635 966 692 1038 quae
710 976 820 1024 dicentem
836 978 890 1025 facit

149 1064 262 1111 Socratem
276 1065 395 1127 praecipue
407 1065 431 1111 id
443 1065 561 1127 spectavit,
579 1070 606 1111 ut
616 1066 725 1112 rationem
736 1065 839 1112 redderet
851 1082 890 1112 cur

148 1135 190 1199 ille¹
208 1153 363 1214 eogitatasua
378 1169 436 1209 non,
454 1159 481 1199 ut
496 1153 596 1199 rhetores
619 1159 641 1198 et
658 1153 790 1214 sophistae,
800 1154 889 1215 scriptis

149 1240 288 1299 orationihus
303 1240 439 1302 exposuerit,
458 1239 497 1286 sed
514 1240 654 1286 sermonibus
660 1260 667 1297 3
685 1245 732 1286 tum
752 1257 803 1287 vero
812 1241 888 1288 eadem

147 1329 233 1374 ratione
251 1327 367 1390 explicuit,
387 1344 453 1389 quam
471 1328 499 1374 oh
514 1344 603 1374 causam
614 1329 672 1390 ipse,
690 1329 768 1375 relicta
780 1329 889 1391 sophista-

148 1433 199 1463 rum
216 1415 339 1463 disserendi
355 1422 377 1462 et
395 1415 534 1462 declamandi
551 1415 724 1472 consuetudine,
742 1432 788 1462 non
799 1416 887 1472 λόγους,

148 1505 187 1551 sed
198 1504 227 1551 ad
238 1505 340 1565 magistri
351 1504 476 1565 exemplum
489 1503 601 1558 διαλόγους
614 1503 776 1565 composuerit,
795 1502 887 1548 eandem

146 1594 171 1638 in
190 1591 306 1638 scribendo
322 1591 431 1636 rationem
448 1597 537 1636 secutus
555 1607 623 1651 quam
638 1591 663 1636 in
680 1589 808 1635 disserendo
825 1606 888 1651 prae-

145 1681 215 1727 iverat
231 1679 339 1726 Socrates.
351 1679 367 1740 I]
390 1677 476 1724 Verum
493 1678 579 1740 opinari
590 1677 718 1734 Platonem,
738 1678 829 1739 quaein
841 1677 887 1723 dia-

146 1768 203 1829 logis
225 1767 340 1823 tractavit,
364 1782 421 1827 quae
443 1765 471 1811 de
492 1782 557 1822 uero,
581 1765 672 1828 pulcro,
692 1767 766 1828 justo,
784 1781 841 1825 quae
859 1765 886 1810 de
950 1827 952 1830 .

147 1854 246 1911 civitate,
271 1853 298 1899 de
320 1857 412 1909 natura,
436 1852 463 1898 do
486 1852 589 1908 scientia,
613 1851 641 1897 de
660 1851 828 1898 immortalitate
845 1851 888 1897 dis-

147 1943 229 1999 seruit,
252 1957 298 1988 non
319 1940 364 1986 nisi
385 1940 435 1986 ludi
458 1956 524 1985 causa
546 1939 673 2001 scripsisse,
696 1955 769 2000 neque
790 1939 826 1985 his
847 1955 888 1985 sua

138 2016 245 2092 *cogitata
266 2028 305 2090 (le⁸⁴
317 2027 452 2090 gravissimis
469 2026 625 2090 philosophiae
642 2026 811 2088 quaestionibus
828 2043 886 2073 com-

146 2118 238 2180 plexum
261 2132 318 2173 esse,
343 2121 377 2163 est
394 2116 495 2180 hominis
507 2132 587 2177 parum
604 2115 664 2162 acuti
681 2115 715 2162 rel
732 2115 808 2176 potius
826 2131 887 2177 prae·

144 2204 246 2267 judicata
262 2204 367 2266 opinione
384 2203 477 2266 decepti.

180 2379 216 2425 Ad
234 2379 330 2425 alterum
344 2378 421 2425 venio:
439 2377 557 2424 Platonem
568 2377 653 2424 scilicet
664 2377 830 2440 philosophiam
841 2394 887 2424 non

148 2466 315 2536 evulgandam‚¹
324 2465 363 2512 sed
372 2465 537 2512 occultandam
553 2465 695 2512 multitudini
709 2470 800 2527 putasse
806 2485 813 2522 5
825 2465 886 2526 quod

170 2648 188 2692 l)
200 2648 293 2694 Eleganter
306 2649 324 2682 et
336 2645 406 2693 copiose
418 2645 498 2681 Platonis
510 2645 617 2681 sententiam
630 2645 705 2691 explicat
718 2657 751 2680 van
760 2645 841 2688 Herode,
850 2645 885 2680 Ini-

145 2720 169 2754 tia
185 2718 229 2764 phil.
246 2717 317 2753 Platon.
334 2718 363 2759 II,
379 2716 400 2752 P.
420 2718 440 2758 l,
458 2728 476 2762 p.
492 2717 527 2752 120
540 2728 578 2763 sqq.
598 2716 632 2751 Hic
646 2720 665 2751 nt
677 2715 767 2763 Epistolae
780 2717 833 2752 verba
845 2728 885 2752 cum

144 2788 223 2824 Platonis
236 2788 316 2822 Phaedro
329 2787 421 2841 conciliet,
435 2798 454 2821 ea
467 2787 594 2832 interpretatur
606 2786 625 2821 in
633 2786 678 2821 hanc
686 2786 790 2821 sententiam
801 2789 825 2833 (p.
835 2786 885 2832 12¹0:

145 2859 234 2907 Epistolae
249 2859 361 2904 scriptorem,
373 2841 433 2903 quum,
441 2857 533 2893 Platonem
547 2857 636 2903 scripsisse
649 2863 713 2903 negat,
727 2857 760 2893 hoo
773 2861 842 2893 tantum
855 2870 885 2894 vo·

146 2931 208 2972 luisse,
223 2929 273 2964 illum
287 2940 322 2964 non
336 2928 453 2975 sophistarum
466 2931 484 2962 et
497 2928 587 2963 rhetorum
600 2938 649 2962 more
657 2930 718 2974 ,λόγους
730 2928 825 2974 scripsisse.
836 2946 837 2951 =
