1932 3115
480 149 526 193 136

164 297 257 347 Mortuo
274 301 383 363 Dionysio
401 318 471 362 quum
489 302 512 348 in
530 319 625 363 regnum
642 304 784 349 successisset
800 303 873 359 filius,

132 390 182 446 hic,
206 389 314 436 suadente
336 389 423 446 Dione,
448 389 488 450 qui
510 390 613 451 sperabat
629 392 658 443 είς
678 391 791 448 ε’τιίυμίαν
808 390 874 438 ἐλθεῖν

133 478 197 525 αὐτὸν
219 482 256 525 τοῦ
279 478 396 525 καλλίστου
418 477 454 524 καί
477 478 563 536 οίοίττου
579 478 627 543 βίου
650 479 679 541 (p.
698 481 743 527 327
762 479 806 541 D),
824 477 874 524 Pla-

131 573 207 613 tonem
225 566 329 613 invitavit
351 570 377 613 ut
399 566 481 612 iterum
504 566 528 612 in
550 565 649 613 Siciliam
667 568 784 630 trajiceret.
806 566 879 613 ‘Post'
927 567 929 572 ’

131 656 209 717 longas
232 654 403 702 deliberationes
428 653 494 700 Plato
520 654 722 716 obtemperandum
748 656 824 702 amicis
843 672 876 701 ra-

131 751 180 801 tim,
198 743 336 799 καταλιτίιν,
363 734 431 799 dicit',
457 741 498 794 τοὶς
516 743 610 798 εἰααυτοῦ
627 743 739 801 λιατριβολς
757 744 822 795 οὔσας
839 745 876 790 οὐκ

132 833 261 890 domuerat
279 831 309 892 (h.
331 848 349 877 e.
368 830 531 893 disputationes
548 831 573 877 in
592 832 732 894 Academia),
757 831 877 894 Syracusas

133 920 245 982 protectus
262 936 325 987 sirm,
344 916 396 965 cum
412 919 493 966 Dionis
511 920 583 981 gratia
598 924 647 966 tum
659 920 821 983 philosophiae.
845 920 878 966 Ut

131 1025 183 1055 nero
207 1008 298 1064 adveni,
322 1008 395 1069 reperi
422 1007 469 1054 illic
490 1007 564 1053 omnia
589 1007 686 1059 οτασειις
709 1008 744 1055 καί
771 1009 876 1066 διαβολῶν

134 1096 219 1153 μεστοί,
240 1095 440 1142 calumniatoribus
459 1096 557 1142 Dionem
578 1095 749 1143 criminantibus
768 1096 830 1157 quod
846 1114 878 1142 re-

134 1202 204 1248 gnum
226 1184 338 1230 affectaret
353 1185 381 1246 ¹),
408 1200 453 1245 quo
475 1184 560 1230 factum
583 1188 609 1230 ut
632 1189 711 1245 quarto
734 1186 779 1231 fere
802 1200 878 1230 mense

134 1278 186 1336 post
211 1272 332 1318 adventum
357 1271 458 1318 Platonis
483 1271 527 1318 Dio
554 1289 566 1318 a
591 1276 686 1333 tyranno
712 1272 818 1335 expulsus
836 1272 877 1318 sit:

135 1361 183 1418 (ιννλ
209 1359 230 1407 δὲ
255 1359 332 1419 σχεδον
353 1358 402 1412 tocie
424 1358 521 1419 τετοίρτῳ
543 1360 615 1407 Δίιυνα
632 1352 737 1412 Διονύοιος
756 1360 877 1416 αίτιιίιαενος

135 1447 279 1505 ἐπιβουλεύειν
295 1455 322 1508 τῇ
339 1449 441 1506 τυραννίδι
458 1447 544 1507 σμικρὸν
561 1450 590 1501 είς
605 1454 677 1496 τλοίον
691 1449 819 1506 ε’,αβιβνίσας
835 1448 879 1505 ἐξέ·

136 1538 206 1594 βαλεν
218 1537 308 1592 dalcae.
327 1538 358 1598 (p.
369 1537 415 1581 333
428 1535 462 1597 O).
474 1532 559 1582 Exacto
572 1536 655 1593 Dione,
668 1528 735 1583 Plato
746 1554 759 1582 a
770 1537 879 1598 Dionysio

135 1630 236 1671 retentus
254 1630 288 1670 est
304 1623 425 1685 Syracusis.
460 1623 496 1671 lbi
513 1624 614 1670 hahitare
632 1641 683 1670 eum
698 1625 766 1686 jussit
782 1625 807 1671 in
822 1641 881 1671 acro-

137 1713 184 1777 poli
206 1716 229 1759 et
250 1713 274 1758 in
297 1712 344 1759 dies
366 1712 438 1774 magis
460 1712 576 1774 magisque
600 1729 651 1758 eum
675 1712 745 1759 coluit
771 1717 792 1759 et
819 1712 880 1759 blan-

137 1800 198 1847 ditiis
217 1805 350 1863 prosecutus
368 1805 413 1857 est,
440 1805 467 1846 ut
489 1802 537 1847 eius
555 1800 649 1862 gratiam
672 1801 715 1847 sihi
737 1802 880 1858 conciliaret3

137 1889 188 1945 sed,
207 1889 267 1950 quod
284 1889 380 1935 manime
397 1888 490 1950 optabat
506 1888 585 1944 Plato,
605 1895 630 1934 ut
647 1888 803 1950 philosophiae
821 1906 881 1950 prae-

137 1976 207 2037 ceptis
235 1975 363 2036 Dionpsius
387 1975 513 2039 erudiretur
542 1981 564 2021 et
588 1975 682 2022 disceret
704 1975 786 2036 quibus
808 1976 882 2022 modis

138 2063 228 2110 Siciliae
254 2063 355 2109 civitates
384 2063 482 2109 desertas
510 2055 629 2110 restituere
659 2067 681 2110 et
703 2081 716 2109 a
738 2063 883 2110 harbarorum

137 2152 192 2218 jugo
214 2151 308 2198 liberare
329 2155 406 2213 posset
429 2152 458 2213 (p.
478 2153 524 2197 332
542 2151 583 2213 Ε),
601 2150 626 2196 id
642 2152 715 2197 tacere
735 2151 822 2197 noluit:
841 2152 883 2206 ἐγὼ

140 2239 161 2285 δὲ
187 2238 261 2286 ταντα
284 2238 447 2295 tuthelam...
471 2240 480 2285 ὁ
503 2239 620 2294 λ’ἐνίαυοεν
642 2239 761 2286 οίντιτείνονν
784 2240 813 2301 (p.
836 2241 882 2284 330

141 2326 176 2388 Β).
222 2325 258 2372 Ne
289 2318 367 2388 plura,
393 2332 518 2388 postremo,
545 2326 660 2373 occasione
683 2326 737 2373 belli
762 2326 785 2373 in
809 2326 895 2372 Sicilia

141 2415 221 2469 exorti,
239 2413 305 2460 Plato
323 2431 336 2460 a
352 2414 462 2476 Dionysio
480 2414 578 2461 abeundi
594 2414 681 2460 reniam
698 2414 840 2475 impetrarit,
859 2429 884 2459 ea

141 2502 269 2548 conditione
286 2507 322 2559 ut,
340 2518 395 2564 pace
412 2503 547 2564 composita,
566 2519 618 2548 cum
635 2501 708 2548 Dione
725 2501 809 2548 rediret
821 2500 885 2561 Syra-

141 2606 213 2636 cusas.
231 2575 354 2636 Discedens
370 2591 485 2651 protectus
502 2594 536 2637 est
552 2590 687 2646 Tarentina,
705 2589 745 2635 uhi
761 2588 886 2650 hospitium

145 2724 287 2731 ——a—

167 2812 183 2855 1)
196 2811 247 2847 Inter
260 2811 322 2846 Dionis
334 2811 438 2858 eosdemque
451 2810 529 2847 Platonis
542 2809 651 2846 adversarios
663 2808 756 2856 praecipue
769 2807 886 2842 nominandus

77 2932 79 2935 Α
142 2882 238 2925 Philistus,
248 2882 298 2917 cuius
306 2882 373 2918 mentio
386 2883 407 2918 fit
418 2883 438 2918 tn
448 2882 482 2929 up.
492 2883 559 2928 lIl‚p.
568 2882 602 2917 315
613 2880 886 2930 Ειᾶδηνγὰρὺπὸῷιλιστίδου

142 2955 170 2991 καὶ
183 2955 236 2992 ἄλλων
248 2954 347 2990 πολλῶν...
360 2953 458 3001 διεβλήθην,
471 2965 503 2999 pro
516 2940 550 2999 duo
563 2950 656 2999 legendum
668 2952 748 2990 Φιλίστου.
