1932 3115
523 134 568 187 160

169 294 254 341 σίαεσιν
267 295 374 349 ’ἑκάσταις
391 296 521 351 κεκτημένοι.
545 294 575 341 Iu
591 296 664 342 verbis
673 302 766 344 notetur
774 297 833 344 illud
842 298 914 350 πόλεις

169 383 329 440 ἐκβεβληκέναι
341 401 382 447 pro
394 383 514 431 αἶνοίστατοι
524 385 682 443 consecuturam
695 385 757 447 quod
768 402 820 432 vero
830 385 860 432 ad
867 402 914 432 rem

169 472 263 529 attinet,
287 473 342 520 haec
365 489 433 536 supra
449 489 528 519 rerum
545 478 612 519 aucta
629 478 662 519 est
680 479 702 520 et
719 479 797 521 contra
812 474 914 520 Platonis

169 561 310 607 sententiam.
329 560 398 619 Quod
412 555 467 607 dicit
481 561 631 608 Athenienses
639 560 706 607 LXX
715 568 785 608 annos
798 564 914 637 ἡγεραονίκν

168 648 282 706 tenuisse,
304 649 328 694 in
345 649 387 695 hoc
404 648 502 695 rotundo
517 665 611 695 numero
622 665 677 695 usus
690 654 736 706 est,
748 666 801 696 nam
813 650 832 696 si
842 639 913 696 anuos

169 742 325 799 computamus
349 754 362 783 a
385 738 508 784 constituta
531 736 663 799 hegemonia
684 754 725 800 ope
743 738 849 784 Aristidis
868 737 913 800 (Ol.

171 825 214 881 75,
237 827 266 881 45
290 842 309 870 a.
334 824 359 871 G.
381 826 437 886 477)
455 824 483 871 ad
501 824 588 871 cladem
604 825 628 870 in
645 824 733 881 Sicilia,
752 841 820 886 quam
837 831 914 871 secuta

170 917 204 959 est
221 912 332 959 sociorum
350 912 444 958 defectio
462 910 508 974 (Ol.
527 905 569 969 92,
589 911 915 975 l;a.O.412),e-aduravit

168 1004 258 1046 tantum
275 999 340 1046 LXV
358 1016 449 1047 annos..
464 998 508 1045 Sed
527 1000 570 1046 hoc
588 1005 614 1045 ut
631 1000 793 1056 concedamus,
810 1001 914 1062 ineptum

169 1092 203 1133 est
221 1087 282 1148 quod
299 1087 354 1133 dicit
371 1087 520 1133 Athenienses
534 1087 655 1149 imperium
674 1075 761 1133 tutatos
777 1104 825 1134 esse
836 1079 913 1147 ίίνδρας

134 1216 135 1219 ,
168 1165 278 1233 φίλουςὲυ
289 1179 339 1226 ταῖς
351 1174 425 1221 σίλεσι
437 1175 540 1226 ἑκασταις
552 1176 699 1230 κεκτημένους,
720 1174 835 1221 Nimirum
847 1175 913 1234 φιλία

168 1264 212 1309 ista
228 1264 253 1309 in
270 1280 295 1310 eo
314 1253 446 1309 cernebatur
463 1263 524 1324 quod
541 1263 688 1325 popularibus
704 1269 782 1309 contra
793 1263 912 1325 optimates

167 1352 284 1408 favebant,
302 1351 371 1413 idque
387 1348 440 1398 non
451 1351 522 1413 magis
540 1352 611 1413 gratia
623 1367 690 1412 quam
702 1352 725 1397 vi
737 1356 759 1397 et
771 1352 844 1397 armis.
863 1351 913 1397 Pla-

167 1429 227 1485 tonis
245 1444 320 1486 autem
329 1439 426 1501 judicio,
440 1438 501 1500 quod
509 1439 593 1500 legitur
601 1439 625 1484 in
635 1433 724 1500 dialogo
736 1438 831 1499 Gorgia,
844 1439 913 1485 Athe-

133 1519 135 1522 ’
168 1543 249 1573 narum
266 1527 356 1583 civitas,
376 1525 472 1589 ducibus
489 1525 649 1582 Themistocle,
668 1524 761 1572 Cimone
777 1531 799 1571 et
811 1525 911 1581 Pericle,

167 1612 310 1676 nequaquam
328 1615 376 1661 aliis
400 1614 502 1676 exemplo
519 1614 616 1676 proponi
630 1618 732 1675 ¹poterat,
751 1618 818 1674 atque
834 1614 858 1659 in
871 1614 913 1659 hoc

167 1704 217 1766 ipso
233 1703 283 1749 loco
301 1702 337 1764 (de
353 1701 424 1764 Legg.
443 1719 465 1765 p.
486 1702 531 1749 701
550 1702 582 1759 A,
600 1700 627 1763 Β)
645 1701 710 1747 dicit:
729 1701 776 1748 dart
792 1702 928 1760 οίριστοκρα-,Ἰ

167 1791 216 1842 τίας
239 1791 260 1836 ἐν
282 1792 339 1848 αὐτῇ
362 1789 513 1848 θεατροκρατία
531 1806 564 1850 τις
581 1790 660 1848 τονκρίι
677 1790 778 1845 γέγονεν,
797 1804 865 1849 quam
881 1805 913 1834 se-

168 1881 221 1923 cuta
238 1882 272 1923 est
289 1877 411 1934 παρανομία
429 1880 451 1921 et
468 1875 625 1933 οίναισχυντία,
643 1876 678 1922 δια
694 1876 718 1930 δυ’
733 1893 786 1927 τινος
796 1875 912 1934 ἐλευθερίας

167 1967 217 2013 λίαν
234 1965 446 2023 οίτοτετοορακροένιρς.
457 1966 475 2027 l)

200 2140 273 2187 Venio
290 2140 319 2186 ad
335 2140 460 2202 Epistolam
477 2138 548 2196 VIII,
569 2156 591 2201 p.
610 2140 657 2185 354
669 2138 700 2196 B,
719 2138 758 2185 uhi
770 2138 798 2184 de
809 2138 912 2200 Lycurgo

167 2229 223 2276 haec
244 2228 364 2290 leguntur:
388 2228 457 2280 δείσας
480 2227 526 2286 περὶ
549 2232 588 2280 τῆς
611 2228 676 2289 αὑτοῦ
699 2227 781 2279 πόλεως
804 2224 854 2283 ίίρια
877 2225 912 2273 καὶ

168 2317 254 2372 γε’νους,
277 2317 393 2376 ’φαρμακον
410 2317 520 2371 ἐπήνεγκε
540 2316 579 2369 τῖον
602 2319 643 2362 τῶν
665 2315 767 2373 γερόντων
783 2314 853 2373 οίρχίρν
870 2312 912 2360 καὶ

167 2404 209 2450 τὸν
231 2407 279 2450 τῶν
302 2404 400 2472 ἐφόρων
418 2403 515 2460 δεσμὸν
531 2409 570 2457 τῆς
587 2403 706 2459 βασιλικῆς,
720 2403 790 2460 αρχῆς
808 2400 911 2458 σωτήριον.

167 2490 267 2552 Scriptor
290 2491 314 2536 in
336 2491 371 2536 his
390 2483 480 2537 secutus
498 2495 531 2536 est
548 2489 666 2536 Platonem
684 2488 711 2535 de
727 2487 798 2549 Legg.
820 2477 871 2543 III,
889 2504 911 2549 p,

169 2579 215 2624 691
233 2559 323 2634 E,⁷sed
339 2579 383 2635 ita,
402 2583 428 2625 ut
445 2579 472 2625 ab
491 2578 539 2639 ejus
556 2581 631 2623 mente
644 2582 666 2623 et
678 2576 789 2623 sententia
800 2575 913 2622 aberrasse

167 2665 276 2712 videatur.
299 2666 401 2713 Platonis
418 2666 486 2713 verba
499 2666 554 2712 haec
570 2670 636 2711 sunt:
652 2664 709 2719 θεὸς,
719 2661 791 2719 οἶμαι,
802 2663 912 2720 καδόμενοι

168 2754 225 2808 ὑμῶν
245 2770 325 2805 τις...
343 2755 426 2810 δίδυμον
443 2755 493 2809 ὑμῖν
509 2753 622 2814 φυτεύσας
632 2753 677 2806 ,τὴν
693 2755 734 2799 τῶν
751 2751 858 2807 βασιλέοιν
875 2749 912 2806 γε’-

192 2958 209 3002 l)
222 2957 250 2994 cf.
264 2957 285 2993 de
298 2957 351 3000 eeu,
363 2956 444 2992 Diatribe
456 2957 475 2991 in
489 2956 541 2994 Polit.
553 2932 624 2991 Platoni
637 2954 703 3002 prino,
718 2967 736 3002 p.
750 2955 772 2990 35
785 2966 825 3001 sqq.
