1932 3115
420 127 449 171 15

63 273 64 276 Ἰ
95 283 180 331 Eodem
192 284 331 342 syntagmate
344 279 381 326 usi
392 296 440 326 esse
450 278 557 325 videntur
567 277 714 335 Plutarchus,
727 277 806 325 Aelius
873 298 877 302 ⁴

62 371 187 427 Aristides,
205 367 331 425 Lucienus,
349 368 460 425 Albinus,
470 369 488 429 ¹]
506 366 628 428 Origenes,
641 367 709 413 ceteri
723 367 807 413 saeculi

61 459 87 506 Π
104 464 127 517 11
142 456 181 503 [n
198 457 329 517 scriptores,
348 455 460 517 aquibus
478 455 578 501 diversae
595 454 711 516 Epistulae
722 456 806 516 passim

63 547 167 593 citantur.
178 546 196 606 2)
217 544 259 590 His
278 559 333 600 ¹vero
355 544 470 605 antiquior
486 543 551 589 testis
569 547 602 588 est
620 542 710 599 Cicera,
729 559 805 603 aquo

61 635 118 696 Epp.
128 630 156 690 V,
168 632 217 678 VH
228 637 250 678 et
261 616 437 678 111111111111111.
456 631 528 693 Cujus
536 631 691 676 testimonium
703 630 722 676 si
731 647 771 692 per
782 647 806 676 se

61 738 108 768 non
126 721 185 767 tanti
203 726 239 782 nest
255 726 283 766 ut
298 720 343 781 ipsi
358 711 451 766 Platoni
467 717 621 765 attribuantur
639 718 674 779 (cf.
692 718 806 780 Wiegand

61 825 112 871 pag.
124 809 203 870 ertu),
210 813 232 853 at
244 806 322 854 Cicero
334 807 357 853 id
367 807 453 868 accepit
461 806 489 853 ab
498 806 630 867 aequalibus
642 806 803 867 etmajoribus,

61 896 196 954 Academiae
211 895 336 951 sodalibus,
348 895 409 941 unde
422 894 517 941 efficitur
528 894 556 940 ab
567 895 602 940 his
615 910 705 956 quoque
716 893 807 956 Episto-

61 985 94 1030 las
111 983 179 1044 vulgo
194 981 470 1044 proPlatonicis‘habitas
483 998 537 1027 esse.
556 981 645 1028 Horum
658 967 733 1028 autem
745 987 806 1027 aetas

62 1088 132 1132 quum
149 1087 196 1117 non
212 1075 258 1116 tam
273 1070 341 1133 longe
353 1069 380 1115 ab
392 1068 597 1115 Alexandrinorum
610 1069 806 1133 grammaticorum

60 1158 199 1220 temporibus
211 1163 305 1203 remota
322 1157 362 1213 sit,
380 1157 426 1217 jam
441 1173 466 1203 eo
479 1156 612 1203 deducimur
622 1162 650 1203 ut
661 1157 806 1218 probabiliter

62 1251 161 1292 statuere
183 1245 262 1302 liceat,
279 1238 375 1291 ‘easdem
398 1244 516 1307 epistolas,
540 1244 560 1289 si
576 1261 621 1290 non
641 1260 728 1301 omnes,
747 1251 805 1291 cert-e

61 1334 204 1394 praecipuas,
221 1334 267 1394 jam
285 1332 312 1378 ab
329 1332 481 1393 Aristophane
498 1332 644 1393 grammatico
659 1332 723 1378 tritas
741 1343 763 1378 et
780 1333 805 1378 in

62 1436 155 1481 operum
172 1419 274 1465 Platonis
292 1420 420 1480 catalogum
436 1425 537 1480 receptas
553 1419 630 1465 tuisse.

93 1506 144 1553 Jam
162 1508 181 1552 si
198 1506 304 1568 epistolas
318 1507 376 1552 inter
394 1524 417 1552 se
429 1523 596 1568 comparamus,
614 1506 698 1552 nemini
708 1506 803 1553 dubium

59 1594 130 1641 rideri
141 1599 228 1656 potest,
246 1593 274 1639 de
286 1610 331 1655 quo
346 1610 423 1639 omnes
435 1594 590 1650 consentiunt,
608 1593 734 1656 Epistolam
745 1593 803 1651 VH,

59 1681 89 1730 ¹ad
109 1682 189 1727 Dionis
206 1681 344 1742 propinquos
362 1681 480 1743 script-am,
502 1681 663 1743 amplitudine,
681 1683 803 1743 gravitate,

60 1785 136 1814 rerum
153 1768 229 1830 copia,
247 1767 352 1814 dictionis
370 1772 464 1825 ornatu,
477 1768 555 1829 ceteris
568 1768 672 1815 omnibus
683 1773 803 1831 praestare.

61 1855 102 1901 Est
121 1855 176 1902 haec
194 1855 371 1917 epistola'quasi
388 1856 502 1918 apologia,
521 1873 566 1917 qua
582 1856 684 1903 Platonis
702 1857 805 1903 11111111-

61 1931 167 1989 stitutum
190 1948 213 1989 11
234 1944 305 2001 ratio,
327 1945 420 1991 consilia
436 1945 544 1991 itinerum
561 1961 618 2006 quae
634 1945 659 1990 in
675 1944 766 1991 Italiam
783 1949 806 1990 et

62 2029 160 2096 Siciliam
183 2032 294 2094 suscepit,
315 2031 462 2078 necessitudo
486 2036 508 2078 et
530 2033 688 2078 commercium
711 2048 768 2092 quac
785 2032 806 2077 ei

62 2133 113 2163 cum
135 2118 208 2164 Dione
231 2124 254 2165 et
270 2108 379 2181 Dionysio
396 2121 501 2176 fuerunt,
520 2126 663 2182 exponuntur
680 2125 703 2166 et
723 2120 750 2166 ab
768 2119 806 2165 ali-

62 2220 125 2250 orum
142 2205 353 2268 reprehensionibus
370 2207 527 2264 rindicantur3
540 2212 654 2270 praeterea
664 2207 737 2253 multa
748 2208 805 2253 inse-

60 2298 155 2349 runtur,
173 2311 230 2354 quae
247 2294 276 2340 ad
292 2295 394 2341 Platonis
412 2296 506 2342 consilia
522 2296 627 2357 politica,
649 2295 745 2342 docendi
761 2313 806 2341 me-

60 2379 169 2437 thodum,
186 2382 315 2453 interiorem
332 2356 497 2445 philosophiam
512 2389 622 2444 spectant.

86 2570 104 2613 1)
117 2570 177 2606 Albini
190 2574 269 2617 superest
285 2571 366 2607 libellus:
385 2576 469 2620 Εἰςαγωγὴ
487 2575 510 2615 εἰς
521 2575 560 2616 τοὺς
575 2576 664 2617 Πλάτωνος
676 2576 770 2622 διαλόγους,
784 2575 806 2611 de

61 2650 96 2685 qno
108 2642 144 2676 rid.
158 2643 232 2677 Snckow
245 2643 263 2678 11.
276 2655 294 2689 p.
308 2644 318 2677 8
331 2655 370 2690 sqq.
383 2648 431 2690 etp.
445 2645 486 2679 169.

86 2710 104 2754 2)
118 2711 145 2746 Cf.
158 2713 247 2748 Hermann
261 2725 279 2759 p.
293 2714 338 2757 592,
351 2716 389 2749 not.
403 2715 445 2750 220.
465 2715 563 2762 Scriptores
578 2716 611 2751 hos
619 2716 716 2762 diligenter
728 2720 806 2752 recenset

60 2779 193 2825 Wcstermann,
210 2783 229 2819 11.
246 2795 263 2830 p.
281 2784 303 2825 3,
316 2785 337 2827 43
351 2784 439 2820 commisit
451 2789 510 2821 antem
522 2786 578 2821 lesem
592 2798 679 2830 errorem,
693 2799 747 2833 quum
759 2788 806 2833 apud

61 2849 176 2888 Plutarchum
192 2853 246 2889 Dion.
264 2855 622 2904 05111111110111111110111111111111111ς
640 2870 684 2904 quae
696 2859 721 2893 ibi
735 2871 805 2894 narran-

62 2922 91 2955 tur
103 2921 186 2968 leguntur
198 2924 217 2957 in
230 2924 263 2970 up.
276 2925 317 2960 Vll.
