1932 3115
428 127 457 171 13

41 268 43 270 Ι
70 280 195 345 Epistulam
220 278 271 337 πρὸς
299 276 462 336 Ἀριστόδημον,
488 292 529 338 pro
552 292 597 337 quo
620 276 707 323 codices
728 277 813 324 habent
876 297 880 301 ·

28 383 30 385 ’
70 369 220 428 Ἀριστόδωρον.
253 364 341 411 Notum
363 369 397 411 est
418 364 617 411 veteresnomina
638 365 728 427 propria
748 382 813 428 saepe

8 429 9 433 =
70 460 184 505 contracta
201 461 241 499 aut
257 453 340 498 omissa
356 452 514 498 terminatione
530 451 627 498 scribere
641 452 719 498 solitos
730 453 811 510 tuisse,

68 544 121 591 inde
137 557 242 604 magnam
258 538 376 586 nominum
394 539 496 585 similiter
510 538 668 600 incipientium
680 545 752 586 ortam
763 557 811 586 esse

69 627 261 688 confusionem-ll:
288 642 357 688 quare
380 626 495 688 probabile
519 633 553 673 est
576 626 634 673 banc
654 643 744 688 quoque
767 644 811 674 am-

68 719 149 764 borum
170 715 288 762 nominum
308 714 497 776 permutationem
515 714 659 761 librariorum
679 710 811 777 compendio

68 805 150 852 deberi.
176 803 234 850 Uter
251 808 326 848 antem
342 801 424 848 titulus
441 801 600 864 praeferendus
618 802 658 859 sit,
670 802 734 849 baud
745 802 811 849 facile

68 891 186 955 dijudicari
207 894 294 952 potest3
320 889 400 952 opinor
422 893 497 935 tamen
519 889 596 951 potius
621 906 673 935 cum
695 890 811 937 codicibus

22 1000 24 1002 ·
68 978 211 1026 scribendum
233 995 281 1024 esse
302 977 352 1036 πρὸς
368 977 526 1036 ’warattonem
548 994 619 1039 quum
635 978 704 1040 hujus
721 995 812 1040 quoque

9 1121 12 1125 ‚
68 1063 150 1114 nomen
167 1067 290 1130 praefixum
302 1066 332 1112 sit
345 1066 370 1112 in
380 1066 414 1112 Io.
433 1066 579 1123 Damaseeni,
591 1066 673 1113 Parall.
685 1067 710 1113 in
721 1066 811 1114 Stobaei

68 1156 145 1202 Floril.
163 1154 267 1218 Append.
284 1154 326 1210 IV,
344 1171 366 1216 p.
386 1156 415 1200 19
434 1154 547 1202 Gaislord.

66 1265 68 1268 ⁴
101 1243 187 1293 Altera¹
201 1242 326 1290 differentia
348 1242 372 1289 in
394 1242 437 1306 hoc
459 1242 533 1305 posita
556 1248 602 1299 est,
624 1242 685 1304 quod
707 1242 811 1290 Laertius

67 1337 171 1379 numerat
180 1336 276 1392 quatuor
287 1331 401 1393 Epistolas
413 1331 463 1388 πρὸς
476 1331 592 1388 Arovtorov,
604 1332 724 1393 pleraeque
736 1337 811 1379 autem

69 1420 177 1467 editiones
194 1419 247 1465 inde
265 1436 277 1465 1
293 1418 372 1465 Fiaino
390 1424 412 1465 et
430 1419 482 1465 edit.
501 1418 571 1465 Basil.
592 1421 612 1465 l.
630 1437 700 1466 unam
716 1419 810 1478 harum,

69 1507 176 1570 primam,
193 1523 238 1553 non
256 1506 359 1563 Platoni,
377 1506 416 1552 sed
429 1506 499 1553 Dioni
511 1506 633 1553 ascribunt.
643 1507 661 1569 Β)
686 1507 748 1553 Huic
760 1524 811 1553 vero

12 1588 14 1591 Α
70 1588 144 1642 obstat
167 1594 270 1641 codicum
293 1581 427 1652 auctoritas,
451 1596 491 1656 qui
510 1601 601 1642 tantum
616 1612 662 1642 nou
681 1613 770 1654 omnes,
788 1597 812 1643 in

69 1682 104 1729 his
121 1682 237 1729 Parisinus
249 1691 269 1730 Δ
282 1688 304 1728 11
320 1688 405 1745 septem
417 1682 554 1741 Florentini,
571 1683 704 1746 inscriptum
717 1684 811 1731 habent:

69 1771 162 1819 Πλάτων
185 1771 285 1831 Διονυσίῳ
308 1768 330 1819 εὖ
352 1770 493 1837 1111111113)
526 1771 627 1819 Eandem
643 1773 814 1835 inscriptionem

70 1859 195 1921 Diogenem
218 1865 240 1906 et
262 1859 406 1921 Thrasyllum
427 1859 452 1906 in
475 1859 522 1906 suis
538 1859 602 1907 libris
618 1860 700 1922 legisse
716 1877 763 1907 non
780 1866 814 1907 est

70 1947 131 2009 quod
148 1946 285 1994 dubitemus.
308 1946 390 2008 Neque
406 1935 459 1994 vero
475 1947 557 1994 idonea
574 1954 622 1994 erat
638 1947 814 1994 11111111εᾶ1-

69 2039 128 2081 tores
145 2035 239 2081 titulum
255 2040 376 2082 mutarent.
400 2034 459 2082 Nam
475 2035 537 2097 quod
551 2036 615 2083 aiunt
626 2036 733 2098 epistolae
744 2035 812 2083 huius

10 2118 13 2120 ’
70 2125 228 2184 argumentum
236 2123 338 2170 Platonis
347 2140 454 2185 personae
466 2129 488 2171 et
499 2124 566 2171 rebus
575 2140 620 2170 non
633 2141 681 2170 1111
692 2141 814 2171 accommo-

19 2207 20 2212 ’
70 2209 159 2268 datum,
177 2217 200 2258 at
215 2228 261 2258 non
277 2213 348 2273 magis
360 2213 476 2274 congruit,
494 2212 540 2259 imo
548 2212 624 2259 minus
637 2213 716 2269 etiam,
732 2213 813 2259 Dionis

70 2315 189 2360 personae,
219 2300 280 2362 quod
305 2300 364 2347 infra
389 2300 513 2348 ostendam.
547 2300 629 2362 Itaque
655 2295 813 2363 argumentum

74 2427 198 2434 ——--—.

97 2506 115 2551 1)
129 2505 169 2542 vid.
182 2506 250 2550 Cobet,
262 2507 303 2547 1111.
315 2506 374 2543 Lectt.
385 2519 403 2554 p.
418 2507 460 2547 271.
756 2539 762 2548 .

91 2576 113 2621 1)
126 2577 148 2612 ld
164 2589 196 2624 pro
214 2589 255 2613 vero
271 2580 355 2625 certoque
371 2578 433 2614 babuit
446 2579 569 2621 Tenuemaun,
582 2579 628 2626 Syst.
642 2578 673 2615 der
685 2580 731 2616 Plat.
743 2581 787 2627 phil.
799 2581 816 2617 1.

71 2658 89 2693 p.
97 2647 144 2685 107.
169 2647 205 2691 „as
217 2648 240 2684 ise
253 2648 294 2684 aber
306 2661 328 2684 au
341 2649 435 2686 bemerken
448 2650 487 2686 dass
499 2650 588 2697 Diogenes
600 2650 634 2686 den
647 2653 770 2688 erstenunter
783 2652 816 2688 deu

71 2716 264 2763 11111111111111111,
282 2719 315 2755 wie
329 2719 390 2768 billig,
407 2721 456 2757 nicht
472 2721 507 2757 mit
519 2724 571 2757 1111111
584 2722 617 2757 den
629 2721 754 2758 Platoniseben
766 2724 816 2759 reeh-

72 2790 114 2831 net,
132 2789 171 2826 Jweil
188 2802 206 2825 er
219 2791 252 2825 den
268 2790 303 2825 Dio
321 2802 361 2826 zum
373 2791 463 2828 Verfasser
475 2792 524 2829 hat?
550 2793 623 2829 Secutus
636 2794 693 2830 estin
705 2794 740 2829 boc
752 2794 819 2830 Wesse-

72 2857 147 2905 lingium
159 2859 216 2906 apin.
229 2860 252 2895 ad
263 2860 370 2905 Veronam,
383 2873 401 2908 p.
414 2862 444 2899 42.

97 2928 114 2973 3)
127 2928 167 2965 Via.
180 2929 278 2966 Stallhaum
291 2931 317 2967 111.
330 2930 377 2967 Plat.
390 2944 431 2978 opp.
445 2933 476 2968 Gr.
489 2933 529 2969 Var.
542 2933 591 2969 lectt.
605 2934 655 2970 Tom.
667 2934 707 2969 ΧΠ.
720 2946 737 2981 p.
749 2933 793 2971 467.
