1932 3115
435 140 479 185 175

81 295 172 350 arduam
195 298 244 345 raia
267 292 298 339 ἔτι
321 291 447 350 aagendam
471 296 545 339 sabra
567 291 693 350 γεγράφθαι
715 292 823 349 λέγοντες.

82 382 165 429 Sensus
182 381 219 427 bic
237 386 282 427 est:
300 379 376 437 „Sunt
393 382 433 443 qui
449 382 600 428 narrationem
616 380 644 427 de
660 381 735 428 insula
746 382 825 428 Atlan-

81 469 128 516 tide
150 486 235 515 meram
262 469 380 515 historiam
408 484 456 514 esse
481 468 570 525 dicant,
593 474 621 514 ut
642 469 728 530 primus
750 468 778 515 Pl
791 473 824 515 to-

81 558 116 604 nis
133 558 243 619 interpres
261 556 363 613 Crantor,
383 556 423 617 qui
440 556 507 602 refert
523 557 590 602 etiarn
601 555 692 603 Platoni
703 557 731 603 ab
745 573 825 618 aequa-

81 645 142 691 libus
160 644 319 707 exprobratum
336 661 397 701 esse,
413 643 475 705 quod
491 643 610 700 Politiam,
627 644 650 690 h.
668 661 687 690 e.
705 644 824 706 perlectam

83 749 151 794 quam
172 733 237 779 finxit
260 733 356 779 ciuitatis
380 733 489 794 speciem,
508 748 555 778 non
570 733 618 794 ipse
635 732 767 789 invenisset,
785 732 825 779 sed

83 837 131 867 eam
149 811 303 884 descripsisset
320 820 347 867 ab
364 818 483 882 Aegyptiis
501 819 689 881 (usraypdubcrrcc
700 820 730 867 rob
741 820 826 875 Atyan-

82 910 150 972 τίων),
169 925 265 970 eumque
282 909 341 955 banc
356 908 549 969 exprobrationem
561 908 619 953 tanti
630 908 718 964 iecisse,
729 912 757 953 ut
760 943 767 964 ,
780 923 825 968 quo

84 1014 132 1044 eam
154 997 310 1059 redargueret,
333 996 396 1042 illam
415 996 502 1042 Timaei
520 996 682 1050 narrationem,
701 995 826 1042 secundum

84 1102 151 1146 quam
167 1085 317 1131 Athenienses
332 1085 420 1130 dudum
437 1089 489 1131 ante
506 1084 588 1130 iisdem
604 1084 715 1130 institutis
730 1084 826 1144 quaein

83 1172 167 1219 Politia
184 1173 288 1234 exposuit
304 1172 341 1219 usi
358 1177 444 1228 essent,
463 1171 581 1233 Aegyptiis
598 1170 726 1217 tribuerit.''
752 1169 826 1217 Verba

84 1259 264 1319 usraypcldrcrrc
286 1260 317 1307 rai
339 1260 466 1316 Αἰγυπτίων
488 1259 572 1320 ambigi
594 1263 669 1321 potest
687 1258 741 1320 quid
758 1258 827 1319 signi-

84 1348 162 1393 ficent:
186 1347 339 1407 sarrarpdcpar
362 1348 445 1393 dicitur
468 1353 490 1393 et
512 1347 540 1392 de
557 1343 664 1408 scriptore
681 1347 720 1407 qui
735 1346 825 1392 alterius

84 1435 166 1481 librum
184 1436 283 1482 describit
301 1440 323 1481 et
341 1434 368 1480 de
386 1436 470 1496 pictore
488 1435 528 1495 qui
545 1451 592 1480 rem
609 1434 708 1494 aliquam
722 1434 825 1480 imitando

84 1523 164 1584 refert,
182 1524 283 1582 deprimit.
317 1522 398 1583 ltaque
422 1522 536 1568 Crantoris
549 1521 626 1568 tverba
648 1526 747 1583 possunt,
760 1521 827 1582 signi-

83 1609 161 1665 ficare,
179 1608 297 1655 Platonem
314 1610 481 1671 Aegyptiorum
499 1609 568 1655 libros
585 1609 771 1670 transscripsisse‚
784 1608 827 1654 boc

85 1702 117 1742 est
140 1713 152 1742 e
174 1696 316 1747 sacerdotum
341 1697 404 1743 libris
431 1697 498 1743 sacris
525 1696 632 1742 Politiam
657 1712 721 1742 suam
746 1696 828 1758 compi-

79 1784 151 1840 lasse,
173 1785 208 1830 uel
225 1801 276 1830 euru
293 1785 457 1846 Acgyptiorum
474 1785 579 1831 instituta
595 1783 705 1830 imitando
721 1785 746 1830 in
763 1800 827 1829 suam

84 1871 198 1918 ciuitatem
217 1872 365 1919 transtulisse.
400 1872 517 1919 Posterius
536 1872 657 1934 significari
672 1888 719 1918 non
731 1871 827 1918 dubium

85 1959 177 2020 opinor,
199 1960 244 2005 nisi
265 1959 323 2006 forte
346 1959 443 2006 Crantor
462 1961 575 2022 putaverit
600 1960 718 2006 Platonem
740 1961 828 2022 Aegyp-

83 2045 168 2091 tiorum
187 2046 290 2107 linguam
311 2047 416 2093 calluisse
439 2053 461 2093 et
478 2048 603 2093 sacerdotes
620 2047 689 2093 libros
707 2063 759 2093 suos
777 2064 826 2110 per-

51 2122 53 2124 ·
86 2132 162 2194 egrino
184 2132 271 2179 bomini
293 2133 450 2181 describendos
476 2134 571 2181 dedisse.
603 2134 664 2196 Ergo
686 2134 741 2181 baec
762 2134 829 2181 verba

85 2236 132 2265 non
153 2219 263 2279 indicant,
287 2220 407 2267 Platonem
422 2223 498 2284 ipsum
515 2223 540 2268 in
557 2222 758 2284 Aegyptosuisse:
776 2239 828 2269 nam

81 2307 191 2352 ‘instituta
200 2306 240 2353 illa
251 2309 414 2370 Aegyptiorum
426 2310 530 2356 omnibus
542 2316 598 2356 nota
609 2316 672 2357 erant
684 2315 706 2356 et
716 2327 757 2372 pro
766 2316 829 2371 parte

86 2398 135 2439 turn
158 2393 232 2440 adhuc
254 2394 287 2441 ibi
307 2395 426 2457 uigebant,
450 2402 477 2443 ut
501 2398 568 2444 etiam
591 2414 631 2444 suo
648 2403 748 2459 tempore
764 2397 829 2443 Plato

87 2480 159 2527 dicere
176 2486 262 2543 posset,
281 2482 343 2542 quod
359 2483 498 2529 sacerdotem
510 2485 575 2530 illurn
592 2484 647 2530 facit
664 2484 789 2541 dicentem,
806 2502 829 2546 p.

88 2570 119 2614 at
141 2569 174 2614 A:
199 2569 272 2616 noaret
295 2570 338 2628 arip
360 2570 532 2628 παραδείγματα
548 2576 599 2618 τῶν
616 2571 666 2618 τότε
688 2574 747 2631 παρ’
771 2573 830 2628 ὑμῖν

86 2656 117 2717 (h.
141 2673 160 2702 e.
184 2656 369 2719 Atheniensibus)
391 2657 453 2705 ὄντων
476 2657 566 2706 ἐνθάδε
589 2659 619 2719 (b.
638 2676 657 2705 e.
677 2659 701 2705 in
718 2660 830 2722 Aegypto)

86 2747 127 2789 νῦν
144 2744 277 2802 ἀνευρήσεις·
295 2748 374 2804 πρῶτον
385 2746 425 2802 μὲν
436 2745 460 2793 τὸ
473 2750 514 2793 τῶν
530 2748 585 2805 ἱερῶν
603 2746 662 2803 γένος
671 2784 676 2793 ,
685 2784 704 2795 ..
711 2784 717 2807 ‚
735 2748 794 2801 nera
809 2749 830 2794 δὲ

86 2834 149 2877 τοῦτο
173 2831 198 2878 τὸ
220 2837 261 2879 τῶν
282 2832 473 2892 δημιουργῶν...,
496 2834 522 2881 ro¹
544 2853 570 2881 rr
586 2839 627 2881 τῶν
645 2835 722 2891 νομέων
736 2836 772 2882 uri
790 2841 830 2882 τῶν

87 2916 186 2975 θηρευτῶν
202 2918 228 2965 ro'
243 2937 268 2965 τε
284 2924 324 2966 τῶν
341 2926 455 2979 γεωργῶνἼ
473 2922 509 2968 nal
526 2922 550 2978 bb
564 2922 599 2969 nai
612 2923 635 2969 τὸ
647 2922 748 2981 μάχιμον
759 2922 829 2978 γένος.
