1932 3115
499 138 545 183 218

151 307 188 336 ore
206 266 406 353 exeeptapnotata
423 297 444 337 et
461 292 588 352 άγράφωι
605 292 673 338 titulo
686 291 761 337 edita?
779 284 893 336 Posterius

150 388 228 425 rerum
246 380 332 441 opinor.
367 379 426 425 Nam
449 381 468 426 si
490 381 576 426 ineerta
599 385 638 426 aut
660 380 716 425 falsa
739 380 846 435 fuissent,
870 379 894 424 id
934 395 935 398 ¹

150 469 228 529 fugere
246 468 389 514 Aristotelem
406 485 452 514 non
470 470 557 531 potuit,
576 475 598 515 et
614 469 735 515 indicasset
747 474 806 514 oerte
817 467 895 513 huius-

150 554 212 601 modi
229 554 312 601 verbis:
331 558 352 602 ἐν
365 560 409 606 τοῖς
424 556 505 613 ψευδῶς
522 555 644 612 λεγομένοις
658 555 765 616 άγράζδιις
780 555 893 611 adunata.

151 643 219 689 Recte
236 661 288 690 rero
312 661 337 690 eo
361 661 406 705 quo
424 645 471 690 dini
488 663 555 691 sensu
568 645 660 691 addidit
677 645 706 690 τά
723 644 845 700 λεγόμενά,
864 644 895 688 tu-
956 705 958 707 ι

151 732 232 791 sumpto
247 732 289 777 hoo
306 732 386 788 titulo,
405 748 450 793 quo
467 725 579 778 indicetur
596 732 701 793 dogmata
717 732 757 777 illa
771 733 794 778 in
813 731 895 777 scholis

151 820 256 882 explioita
270 837 317 866 non
334 821 462 866 memoriter
474 825 562 867 tantum
580 820 669 882 prodita
685 820 724 866 sed
742 821 808 866 etiam
825 820 895 865 literis

150 913 228 955 notata
254 925 312 954 esse:
342 908 402 955 unde
428 909 535 965 efficitur,
563 909 734 955 commentarios
759 909 802 954 hoo
827 908 895 953 titulo

151 997 278 1043 Aristotelis
296 1002 396 1058 tempore
414 997 531 1043 doctorum
548 998 570 1042 in
588 997 692 1043 manibus
710 997 791 1042 luisse(

184 1084 250 1130 Solus
272 1085 310 1130 hio
333 1089 366 1130 est
389 1085 517 1131 Aristotelis
540 1085 604 1131 loeus
622 1084 662 1131 ubi
680 1083 776 1144 άγρμφιι
793 1083 896 1139 δάγμιιτά

151 1172 283 1219 nominatim
302 1172 407 1218 nitantur.
433 1172 492 1218 Sunt
509 1172 548 1218 alii
565 1171 665 1218 eiusdem
679 1171 724 1217 looi
738 1171 778 1217 ubi
795 1170 896 1216 Platonis

152 1260 234 1321 placita
252 1277 298 1305 non
319 1277 331 1306 e
348 1261 526 1316 commentariis,
545 1260 584 1306 sed
604 1277 619 1306 e
635 1260 738 1321 magistri
757 1259 896 1305 sermonibus

152 1348 279 1394 memoriter
290 1348 360 1393 relata
369 1353 585 1404 commemorantum
596 1347 723 1394 cuiusmodi
733 1353 766 1393 est
775 1346 836 1407 quod
844 1347 898 1408 legi-

152 1440 190 1480 tur
207 1434 308 1497 Metaph.
318 1435 342 1491 I,
356 1438 384 1492 9,
401 1453 421 1497 p.
435 1438 481 1481 992
492 1437 523 1492 A,
536 1436 576 1483 ubi
586 1452 706 1497 corporum
716 1434 866 1481 dimensiones
876 1439 898 1480 et

153 1524 263 1570 elementa
271 1520 373 1585 tangens,
386 1524 476 1582 στερεὸν)
487 1524 593 1580 ἐτίτεδρι,
602 1524 824 1582 manutentorem,
834 1505 903 1582 1111111--

102 1595 104 1598 ¹
152 1611 183 1657 rit
200 1628 251 1657 eum
268 1611 312 1657 alia
328 1612 451 1657 tumhoe:
470 1611 500 1658 ἔτι
519 1613 542 1657 al
559 1611 653 1668 στιγμμ1
671 1611 695 1657 ἐκ
709 1608 898 1666 τίνοςέιυτάρξρυ-

153 1718 198 1754 oum
220 1697 287 1758 τούτῳ
310 1699 348 1754 μὲν
371 1695 404 1745 οὖν
426 1701 456 1758 τῷ
478 1699 534 1755 γένει
556 1698 592 1745 aut
613 1698 731 1756 διεμάχετο
748 1697 854 1755 Πλάτων,
872 1697 898 1747 ὡς

153 1786 195 1834 ὄντι
225 1788 362 1845 γεωμετρικῷ
385 1787 493 1843 δάγμμτι,
517 1787 569 1832 άλλ’
593 1784 664 1832 ἐκάλει
691 1785 761 1842 aporior
786 1790 898 1842 γράμμῆς.

153 1874 236 1921 Sensus
259 1880 305 1930 est,
323 1873 442 1920 Platonem
460 1874 615 1935 quaestionem
632 1872 660 1918 de
676 1877 758 1918 natura
775 1876 797 1917 et
815 1871 900 1932 origine

154 1968 192 2016 τῆς
215 1968 322 2021 στιγμῆς,
342 1963 432 2022 paruuli,
450 1962 569 2007 removisse
586 1966 613 2007 ut
629 1961 711 2022 dogma
728 1960 899 2021 geometricum,

154 2067 200 2096 non
226 2050 416 2112 philosophicum.
451 2049 518 2111 Impl.
545 2048 801 2109 drsudxero'signifieat
827 2064 901 2107 repop-

156 2155 208 2184 uare
224 2140 315 2194 solebat,
335 2154 380 2198 quo
397 2137 510 2183 indicatur
528 2119 555 2183 ab
567 2136 689 2182 Aristotele
700 2136 737 2182 hie
748 2123 845 2196 intelligi
858 2135 901 2181 dis·

156 2226 284 2287 putationes
307 2226 348 2271 hae
371 2225 399 2271 de
421 2242 445 2271 re
471 2224 595 2270 aPlatone
612 2224 700 2270 habitas
722 2240 778 2284 quas
794 2223 901 2269 memoria

88 2342 90 2344 -
158 2313 201 2359 sihi
219 2319 361 2375 suggereret,
380 2329 426 2358 non
443 2313 526 2374 scripta
544 2312 656 2374 dogmata.
667 2313 685 2373 1)

190 2400 275 2447 Verum
296 2401 324 2446 ad
347 2399 443 2459 άγράφά
465 2400 592 2446 referendas
610 2400 689 2461 opinor
706 2398 827 2457 διάιρέτεις,
850 2415 902 2458 qua·

157 2506 208 2535 rum
234 2496 256 2535 et
281 2489 308 2536 ab
333 2488 453 2535 Aristotele
476 2495 498 2535 et
519 2489 543 2534 in
565 2487 669 2550 Epistola
687 2486 749 2533 XIII
766 2487 792 2532 fit
808 2486 900 2532 mentio.

158 2577 290 2623 Aristoteles
316 2577 343 2624 de
366 2577 470 2623 Generat.
495 2581 517 2623 et
534 2568 639 2638 Corrupt.
660 2563 743 2632 II,'3‚
762 2592 784 2637 p.
804 2576 850 2620 330
868 2574 900 2631 Β,

158 2665 228 2711 tradit
244 2682 318 2712 rerum
336 2666 446 2712 elementa
461 2665 488 2712 ab
501 2665 550 2711 aliis
562 2681 634 2710 unum
647 2663 729 2718 statui,
743 2663 770 2709 ab
783 2662 831 2708 aliis
844 2662 901 2719 duo,

159 2754 186 2800 ab
204 2753 253 2799 aliis
273 2755 328 2811 tria,
347 2759 402 2811 oet.;
421 2754 462 2815 qui
475 2754 523 2819 duo
541 2757 642 2815 ponunt,
662 2752 729 2807 dicit,
747 2757 774 2796 ut
790 2750 903 2797 Parmeni-

185 2957 201 2999 1)
215 2956 254 2991 Vid.
268 2956 419 3004 Tronrlelenburg‚
432 2956 478 2991 libro
491 2956 537 2991 laud.
550 2967 568 3002 p.
582 2955 610 2989 66.
