1932 3115
443 137 517 204 m

87 332 155 371 urim,
179 314 207 360 de
230 330 275 375 quo
297 314 403 377 optimam
427 330 488 376 spem
505 315 657 376 concepisset,
674 313 829 377 philosophiae

88 418 162 448 amore
178 401 292 458 imbuere,
310 400 339 447 ad
355 401 461 447 virtutem
479 406 501 447 et
518 402 689 463 temperantiam
706 401 828 456 adducere,
858 454 860 458 ¹

88 490 182 550 eiusque
212 506 279 551 opera
308 488 422 550 Syracusis
452 493 474 534 et
502 489 546 534 toti
575 488 664 541 Siciliae
690 472 829 544 libertatem,

87 576 271 640 prosperitatem,
295 592 405 624 summam
426 575 536 637 denique,
554 581 581 622 ut
598 576 662 633 dicit,
680 576 830 634 μακαρίοτατα

87 665 205 727 impertiri,
239 664 282 711 His
299 665 430 710 inseruntur
447 680 473 710 ea
490 680 547 725 quae
565 664 594 710 ad
610 665 718 711 moralem
729 664 830 710 Platonis
885 710 888 714 ,

89 753 226 809 doctrinam,
245 751 341 798 docendi
356 750 489 797 methodum
501 734 524 797 et
534 750 709 813 philosophandi
720 751 830 798 rationem

89 840 222 907 declaranda
238 839 358 901 pertinent.

121 928 162 974 Uti
180 933 255 973 antem
272 944 285 972 a
301 927 411 988 promisso
423 926 533 972 aberrauit
545 926 652 988 scriptor,
663 927 704 972 ‘ita
715 926 829 973 interdum

73 1002 154 1078 ¹¹quasi
174 1014 258 1061 oblitus
279 1014 307 1060 ad
327 1013 447 1060 familiares
469 1013 604 1060 sescrihere
622 1014 655 1060 sic
671 1014 785 1075 loquitur,
803 1020 830 1061 nt

90 1108 195 1166 appareat
218 1102 335 1164 epistolam
357 1119 404 1149 non
427 1103 455 1149 ad
472 1102 616 1150 familiarium
634 1108 723 1149 coetum
740 1095 831 1149 missam

90 1208 148 1249 esse,
171 1191 210 1237 sed
233 1191 367 1251 destinatam
383 1195 410 1237 ut
427 1190 496 1255 vulgo
512 1190 636 1253 legeretur,
654 1191 727 1238 ueluti
743 1208 765 1253 p.
784 1193 831 1237 334

90 1279 122 1325 B:
145 1280 178 1330 τίς
201 1274 253 1330 driu
277 1280 287 1325 ὃ
309 1278 383 1336 τρόπος
407 1285 445 1333 τῆς
469 1266 669 1334 γενέσεαςαὺτῆς,
688 1280 725 1325 οὐκ
741 1261 847 1334 dragma
884 1261 887 1264 .

90 1368 181 1414 οἰκοῦσαι
197 1366 241 1425 οέῳ
257 1366 300 1412 καὶ
310 1366 352 1422 'f'uh
369 1366 419 1423 νέῳ.
433 1382 456 1427 p.
472 1367 517 1413 337
531 1365 563 1411 E:
577 1368 588 1421 ἡ
601 1366 622 1412 δὲ
634 1363 712 1424 ὕστερα
724 1367 831 1424 πορεία...

92 1456 118 1506 ὡς
141 1453 265 1505 εἰκότας...
283 1452 383 1513 γέγονεν,
404 1448 419 1499 ὦ
435 1449 511 1509 μέλοι
525 1453 629 1499 ducilem
646 1452 757 1515 {Securi
774 1455 833 1511 μετα
869 1464 871 1467 ’

92 1546 160 1589 τοῦτο.
194 1541 308 1602 Loquitur
328 1532 362 1586 ad¹
373 1557 436 1586 senes
454 1545 476 1586 et
492 1556 587 1602 pueros,
605 1541 739 1607 cuicumque
756 1541 834 1588 audire

93 1630 164 1677 lubet.
196 1627 316 1674 'interdum
340 1627 367 1673 de
388 1627 415 1673 iis
439 1626 467 1672 ad
488 1644 544 1688 quos
564 1627 642 1674 scribit
663 1628 764 1689 loquitur
786 1633 834 1674 tan-

93 1733 161 1779 quam
178 1715 205 1761 de
217 1714 280 1770 aliie,
292 1715 359 1760 tertia
370 1730 475 1775 persona,
487 1731 509 1776 p.
524 1716 570 1760 333
583 1714 618 1760 Oi
630 1711 668 1762 οἷον
680 1715 724 1774 γαρ
735 1714 833 1776 γέγονεν,

92 1807 183 1851 οἰκοῦσαι
197 1803 240 1861 χρὴ
258 1802 317 1854 τοὺς
334 1802 380 1858 ἐμὲ
391 1806 614 1860 παρακαλοῦντας
627 1802 677 1860 πρὸς
690 1803 720 1850 τα
734 1807 769 1849 νῦν
783 1802 835 1861 προὶ-

93 1908 182 1949 γματα.
201 1892 249 1936 334
264 1888 300 1935 C:
317 1891 382 1936 ταῦτ’
399 1888 478 1947 εἴρηται
496 1889 570 1936 πάντα
585 1896 623 1944 τῆς
637 1889 762 1947 ξυμβουλῆς
773 1888 835 1938 ἕνεκα

92 1984 140 2027 τῶν
158 1978 286 2046 Arauricus
297 1976 379 2037 φίλων
394 1976 436 2023 καὶ
449 1975 591 2033 ξυγγενῶν.
640 2039 642 2041 ¹

127 2066 196 2125 Quod
219 2071 294 2112 autem
316 2064 345 2110 ad
361 2064 442 2111 Dionis
460 2065 599 2128 propinquos
617 2066 656 2127 qui
672 2066 790 2113 Platonem
808 2067 836 2113 de

94 2153 253 2201 constituenda
276 2152 437 2221 Syracusarum
460 2152 551 2198 civitate
573 2154 713 2200 consuluisse
730 2153 837 2202 dicuntur

94 2242 185 2297 attinet,
204 2240 296 2302 quinam
313 2240 352 2286 isti
367 2225 516 2301 intelligendi
526 2240 593 2287 sunt?

127 2329 263 2375 Plutarchus
285 2329 308 2374 io
331 2328 379 2374 rita
395 2327 475 2375 Dionis
492 2329 585 2375 nomina
601 2329 696 2376 servavit
712 2329 835 2376 illustrium

95 2417 193 2463 virorum
217 2416 257 2478 qui
278 2416 359 2462 Dionis
377 2415 470 2476 consilia
488 2416 619 2478 adjuverant
636 2417 671 2464 vel
689 2417 837 2479 expeditionis

96 2504 201 2551 adversus
226 2504 361 2569 Dionysium
387 2503 441 2550 socii
463 2504 559 2550 fuerant.
593 2504 622 2551 ln
643 2505 679 2551 his
702 2510 849 2553 memoratur·

96 2592 176 2638 Diouis
189 2578 269 2638 'irater
292 2591 421 2652 Megacles,
444 2597 498 2660 tum
523 2591 604 2653 hospes
630 2592 678 2638 eius
704 2590 837 2655 Callippus,

97 2679 158 2742 apud
180 2688 247 2741 quem
269 2679 364 2726 Athenis
387 2678 539 2735 habitaverat,
563 2679 603 2740 qui
623 2666 738 2727 duo—eum
754 2681 839 2728 intran-

96 2773 142 2814 tem
160 2767 279 2829 Syracusas
297 2767 324 2813 ab
341 2772 439 2828 utroque
456 2767 526 2813 latere
542 2767 644 2830 comitati
660 2774 721 2815 sunt.
747 2768 839 2816 Praeter

96 2842 144 2901 11116ν
162 2870 213 2901 611111
236 2853 309 2900 secuti
325 2859 379 2900 sunt
395 2853 525 2900 Timonides
541 2853 683 2913 Leucadius,
702 2857 793 2918 quires
811 2857 838 2905 ab

97 2959 123 2989 eo
140 2947 214 3004 gestas
229 2934 302 2987 literis
318 2940 444 2997 mandarit,
463 2941 587 2988 Eudemius
605 2942 714 3005 Cyprius,
729 2945 839 2992 Aristote-
