1932 3115
500 117 545 162 ite

183 267 289 316 Ceterum
311 269 373 331 quod
395 268 492 316 Crantor
514 269 580 327 dicit,
603 269 694 317 Platoni
711 270 735 317 id
752 270 780 318 ab
795 271 892 333 aequali-

150 356 193 402 bus
210 356 259 418 [rint
267 361 308 404 τῶν
319 357 376 420 τότε)
385 357 498 420 objectum
509 357 592 415 tuisse,
604 374 686 421 parum
696 358 816 406 uerisimile
827 363 890 422 puto.

149 444 174 491 Si
192 444 294 493 Platonis
315 445 418 508 aequales
436 447 484 493 eius
501 445 607 493 laudibus
630 447 755 495 obtrectare
776 452 843 509 atque
860 448 893 495 in·

149 536 277 581 tentionem
306 533 402 582 Politiae
425 534 446 581 ei
468 535 580 598 surripere
601 535 738 594 voluissent,
761 535 824 583 illam
845 552 893 583 non

149 621 284 685 descriptam
301 639 348 669 esse
365 608 480 679 dixissent
492 622 519 669 ab
532 623 697 686 Aegyptiorum
707 624 830 681 institutis,
843 624 892 686 qui-

148 711 244 758 buscum
266 728 313 757 non
335 710 380 757 nisi
401 727 473 773 pauca
497 711 532 758 illi
554 716 617 759 erant
637 713 776 771 communia,
797 712 836 759 sed
853 728 892 774 po-

125 829 127 831 v
147 799 192 846 tius
216 792 231 845 a
251 798 349 861 Lycurgi
371 799 460 862 legibus
482 799 690 862 Spartanorumque
710 807 732 848 et
749 800 890 847 Cretensium

145 888 264 935 institutis¹
291 887 383 946 Quanta
401 888 461 934 enim
478 888 602 935 similitudo
621 889 656 935 his
675 906 727 935 eum
742 888 844 935 Platonis
861 889 890 935 01-

145 977 215 1024 vitate
231 977 369 1035 intercedat,
390 977 426 1023 rel
443 993 470 1023 ex
479 993 504 1023 eo
516 982 622 1040 apparet,
632 977 693 1039 quod
701 977 744 1024 viri
753 977 814 1024 docti
826 977 890 1023 dubii

145 1065 248 1123 haerent,
265 1070 343 1112 utrum
367 1064 529 1127 Aristophanes
549 1065 574 1111 in
593 1065 753 1112 Ecclesiauusis
770 1065 889 1128 Spartano-

145 1170 196 1200 rum
212 1153 318 1200 instituta
343 1170 371 1199 an
397 1153 500 1199 Platonis
527 1154 640 1200 civitatem
657 1153 756 1200 deridere
773 1155 797 1200 in
814 1154 888 1201 animo

145 1241 261 1288 habuerit:
283 1257 335 1288 cum
351 1241 454 1303 utrisque
471 1242 531 1288 enim
543 1258 569 1288 ea
580 1258 647 1303 quam
660 1243 759 1288 comicus
770 1241 803 1288 ibi
814 1241 888 1303 pingit

145 1330 267 1377 mulierum
289 1329 367 1376 civitas
385 1330 470 1391 optime
487 1330 599 1377 convenit.
633 1312 714 1391 ltaque
733 1330 809 1392 potius
822 1329 887 1376 credo

144 1420 211 1465 istam
238 1418 390 1464 narrationem
416 1418 532 1464 inventam
557 1434 605 1464 0000
622 1413 748 1480 abaliquo
772 1417 887 1464 Crantoris

145 1506 285 1569 aequalium,
304 1522 348 1567 quo
365 1506 422 1570 ratic
443 1505 491 1552 dari
507 1510 594 1567 posset,
616 1522 656 1552 cur
671 1505 737 1552 Plato
754 1505 779 1552 in
795 1505 886 1551 Timaeo

144 1596 223 1658 priscis
240 1593 416 1641 Atheniensibus
433 1594 519 1641 tribuat
535 1611 561 1640 ea
574 1594 679 1640 instituta
694 1610 751 1655 quae
765 1594 885 1656 Aegyptio-

143 1700 194 1729 rum
214 1682 304 1745 propria
324 1681 459 1728 haberentur
479 1697 581 1743 quaeque
600 1681 649 1744 ipse
672 1698 712 1743 pro
729 1674 886 1743 0100101οΠ0-

143 1771 224 1818 arrsr'an
238 1769 365 1832 recepisset.

177 1858 283 1906 Ceterum
298 1874 325 1905 ex
342 1857 377 1903 his
394 1862 499 1920 apparet,
516 1872 563 1903 non
578 1844 653 1903 deesse
668 1856 759 1918 quidem
773 1858 797 1904 in
811 1856 885 1903 Plato-

142 1949 177 1994 nis
191 1946 256 1993 libris
271 1945 365 2007 vestigia
381 1944 442 1991 unde
460 1944 517 1991 effici
533 1945 569 1992 uel
586 1945 641 2006 fingi
659 1944 750 1992 licuerit
763 1945 818 1991 'eum
835 1944 884 1991 Ori-

142 2122 176 2168 cia
195 2122 220 2167 in
237 2120 325 2184 scriptis
342 2120 390 2166 eius
407 2135 453 2165 non
463 2123 563 2174 exstare.
598 2118 667 2177 Quod
684 2125 759 2166 autem
776 2120 804 2167 ad
821 2121 882 2167 testi-

142 2209 217 2256 monia
248 2209 329 2255 attinet
359 2223 416 2269 quae
437 2206 505 2253 modo
525 2207 640 2264 recensui,
669 2207 688 2253 si
709 2208 881 2270 perpendimus,

141 2296 251 2360 primum,
274 2300 356 2342 testem
378 2296 498 2356 antiquum
518 2299 540 2341 et
561 2294 696 2357 locupletem
720 2295 747 2342 de
761 2289 881 2358 ⁴Aegyptio

141 2385 220 2432 itinere
238 2401 285 2452 non
302 2388 398 2440 exstare,
415 2382 508 2440 deinde,
525 2382 618 2429 seriores
638 2384 677 2444 qui
695 2383 722 2430 de
740 2400 765 2431 eo
782 2385 882 2431 referunt

140 2488 185 2534 qno
202 2473 292 2534 longius
310 2489 323 2518 a
339 2471 441 2518 Platonis
458 2475 559 2532 tempore
576 2470 661 2516 distant
666 2507 673 2528 ‚
692 2487 717 2517 eo
735 2471 847 2534 copiosius
860 2477 881 2518 et
922 2504 924 2510 ›

139 2559 244 2606 disertius
265 2559 292 2606 de
315 2558 350 2606 lris
373 2557 449 2619 loqui,
474 2574 499 2603 00
519 2573 570 2604 vero
588 2558 670 2619 partim
687 2573 734 2604 non
750 2559 881 2605 convenicn-
919 2550 921 2555 ¹

138 2649 170 2695 tia
193 2665 240 2695 0000
268 2648 350 2714 partim
373 2646 452 2693 fictitia
476 2649 498 2692 et
520 2646 609 2708 inepta,
637 2645 763 2708 Epistolam
793 2652 879 2705 autern,

137 2735 202 2782 cuius
223 2736 317 2796 scriptor
334 2739 393 2781 certe
410 2732 583 2794 antiquissimus
599 2733 664 2779 testis
682 2738 725 2791 est,
743 2734 776 2780 ita
792 2734 820 2780 de
836 2735 879 2780 hoc

136 2824 217 2870 itinere
234 2823 308 2880 silere,
326 2821 426 2868 utillud
442 2820 534 2883 penitus
554 2821 667 2882 ignorasse
687 2821 802 2868 videatur:
826 2823 878 2869 inde

138 2912 236 2975 prolecto
254 2911 358 2972 colligere
377 2910 445 2966 licet,
469 2925 624 2970 quaecumque
644 2908 672 2969 de
683 2926 708 2956 ca
719 2927 742 2957 re
756 2911 878 2957 traduntur
