1932 3115
415 148 461 191 139

67 319 117 348 rum
134 302 271 348 Plutarchus
289 316 379 361 quoqne
395 299 411 344 l.
422 299 443 344 l.
457 315 508 344 eum
520 296 634 358 Syracusis
643 297 768 357 profectum
781 296 809 340 art

66 390 156 436 ltaliam
173 389 294 451 appulsum
314 404 362 433 esse
381 387 458 447 ibique
478 385 603 449 escendisse
623 389 725 429 testatur.

97 477 220 538 Postquam
238 476 338 522 Athenas
355 492 455 521 reverens
473 480 517 529 est,
535 472 612 519 eodem
624 471 685 517 venit
696 471 753 526 Dio,
767 471 806 531 qui

67 565 98 611 ibi
112 565 209 611 multum
228 580 279 610 cnm
294 563 399 619 Platone,
412 561 537 623 Speusippo
553 559 648 620 aliisque
661 557 763 603 Platonis
780 558 811 603 fa-

68 652 193 698 miliaribus
216 656 316 697 rersatns
341 667 388 695 esse·
407 649 511 695 traditur.
545 646 580 692 De
598 646 639 691 hac
655 644 736 690 Dionis
754 660 811 689 com-

68 740 192 786 moratione
218 739 314 785 Athenis
339 739 362 784 in
388 736 482 799 epistola
505 735 570 782 nulla
592 735 618 779 fit
637 733 733 788 mentio,
751 731 812 793 quod

68 845 122 875 sane
143 827 284 884 mirandum,
308 843 379 888 quum
402 824 531 888 praesertim
554 823 648 885 scriptor
669 821 693 867 id
716 819 812 866 manime

68 917 209 979 propositum
224 915 266 962 sibi
281 931 327 961 esse
341 914 411 970 dicat,
429 919 456 958 nt
467 912 584 967 ostendat,
604 909 703 956 Platonis
721 924 812 954 consue-

68 1004 144 1050 tudini
170 1009 192 1050 et
216 1002 355 1050 institutioni
380 995 475 1047 Dionem
500 1004 601 1060 acceptas
624 996 727 1043 debuisse
744 996 812 1041 virtu-

71 1095 105 1137 tes
122 1091 184 1147 illas,
202 1090 285 1151 quibus
303 1088 435 1135 nobilitatus
453 1092 493 1134 est.
527 1086 635 1147 Properat
652 1100 704 1130 vero
718 1083 813 1144 scriptor

70 1179 98 1225 ad
115 1179 207 1225 tertium
224 1179 266 1224 iter
283 1177 459 1239 Syracusanum,
483 1174 544 1236 qnod
567 1174 640 1220 tribus
664 1172 698 1218 rel
716 1176 813 1239 quatuor

50 1323 51 1329 ἵ
70 1269 135 1315 annis
152 1272 203 1333 post
219 1266 286 1318 Plato
304 1264 409 1335 suscepit,

104 1449 167 1496 Sicut
189 1451 248 1496 inter
269 1449 345 1497 ambos
367 1454 513 1507 convenerat,
532 1467 585 1512 pace
602 1449 672 1506 facta,
689 1449 813 1511 Dionysius

70 1536 187 1584 Platonem
210 1537 239 1583 ad
261 1554 283 1584 se
301 1544 366 1584 vocat
383 1539 412 1600 [p.
432 1539 478 1584 333
496 1538 516 1583 B
534 1540 604 1599 squ),
624 1538 720 1583 Dionem
738 1544 813 1582 autem

68 1626 134 1687 jubet
149 1642 233 1671 annum
250 1626 324 1672 adhuc
336 1643 455 1686 >vvremanere
468 1627 492 1672 in
504 1626 605 1672 Graecia.
623 1625 688 1671 Plato
706 1625 803 1671 haesitat
807 1644 813 1681 ς

61 1718 119 1760 ¹erat
141 1715 188 1775 jam
212 1730 282 1776 prope
307 1715 491 1776 septuagenarius
518 1719 541 1760 et
562 1714 657 1777 putabat
679 1713 814 1774 Dionysium

72 1801 193 1848 ambitione
210 1801 305 1848 ductum
322 1819 345 1848 se
363 1819 478 1849 arcessere.
502 1802 642 1849 Ferebautur
659 1803 718 1848 enim
727 1801 814 1847 venisse

72 1889 99 1935 ad
120 1879 254 1951 Dionysium
268 1890 379 1951 Archytas
397 1895 419 1936 et
436 1891 563 1947 Tarentini,
581 1896 608 1937 ut
620 1890 720 1936 Platonis
734 1889 815 1935 doctri-

71 1987 167 2023 namen
193 1994 218 2023 eo
241 1978 408 2025 sciscitarentur
414 1998 421 2034 3
447 1978 529 2040 quibus
556 1996 608 2024 cum
627 1978 754 2023 satisfacere
777 1977 815 2023 ille

71 2081 117 2111 non
139 2071 215 2127 posset
231 2065 299 2127 idque
317 2067 468 2123 erubesceret,
491 2067 542 2113 ideo
561 2066 680 2113 ridebatur
696 2065 814 2112 Platonem

71 2153 154 2199 iterum
165 2169 265 2211 vocasse,
284 2154 379 2216 cupidus
396 2160 433 2201 τοῦ
445 2155 553 2202 arcuatae
566 2153 712 2212 ἐναργέστερον
724 2155 754 2216 (p.
767 2154 814 2200 338

72 2240 109 2302 D).
136 2240 201 2286 Hanc
218 2240 246 2287 ob
264 2258 355 2287 cansam
371 2242 440 2288 semel
450 2242 577 2305 iterumque
589 2245 681 2288 vocatus
693 2241 816 2296 recnsarit3

26 2367 30 2374 ,
72 2328 139 2374 tertio
163 2328 264 2385 tandem,
288 2317 428 2375 Archedemo
451 2329 552 2375 Platonis
573 2329 678 2375 familiari
695 2345 747 2375 cnm
764 2329 817 2375 Dio-

72 2411 131 2477 nys‘ii
148 2415 242 2477 epistola
259 2416 488 2464 honorificentissima
501 2417 602 2463 Athenas
614 2417 693 2471 misso,
711 2417 817 2464 hortante

72 2502 158 2560 Dione,
181 2504 342 2564 instigantibus
367 2508 481 2565 praeterea
505 2521 545 2565 per
569 2504 644 2550 literas
670 2504 770 2565 Archyta
796 2510 818 2551 et

72 2589 212 2647 Tarentinis,
238 2592 276 2646 τὴν
301 2592 432 2651 φιλοσοφίαν
458 2590 612 2650 ἐγκωμιάζουσι
634 2593 672 2646 τὴν
695 2592 817 2648 Διονυσίου,

73 2678 139 2724 cessit
162 2684 184 2724 et
206 2679 273 2725 tertio
299 2679 418 2740 Syracusas
439 2680 552 2741 profectus
579 2685 612 2725 est
637 2679 697 2726 bona
720 2698 760 2742 spe
776 2697 818 2727 nec

72 2767 200 2815 mirandum
226 2772 321 2830 putans,
347 2767 389 2815 νέον
414 2766 479 2826 ἄνδρο
505 2768 654 2826 asperatam
671 2768 734 2824 ν’,ξίιον
750 2768 817 2825 λόγου

74 2853 222 2915 πραγμάτων,
246 2858 339 2914 courel-Z,
358 2857 408 2911 πρὸς
426 2856 494 2913 Aeaea
511 2857 576 2908 ἐλθεῖν
595 2860 631 2908 ,τοῦ
649 2856 752 2914 &Alorco
769 2857 817 2912 selca

75 2942 105 3008 (p.
124 2944 170 2988 339
188 2942 223 3010 E).
