1932 3115
488 159 533 202 ico

134 312 250 374 Epistolae
273 312 368 372 scriptor
390 311 482 369 tangere
505 310 607 365 videtur,
632 326 702 370 quum
717 314 826 357 'irarum
843 312 878 357 aa}

135 401 268 458 Συρακοσίων
285 398 393 456 τρκτεζῶν
408 397 545 458 opulentiam
565 402 587 442 11
603 413 692 442 morum
708 398 822 443 lasciviam
833 406 879 443 tam

135 503 210 532 severe
233 476 353 548 uituperat.
388 471 801 545 11111111111111111111111111
819 487 879 546 quod

134 573 212 635 Nepos
225 590 272 634 cap.
283 576 305 629 2,
319 556 447 627 Timaeum,
457 571 537 628 credo,
547 571 581 617 vel
593 571 711 633 Ephorum
724 559 826 629 secutus,
837 578 880 619 tra-

135 661 181 706 dit:
197 677 268 721 quum
279 661 304 705 111
315 659 414 704 Siciliam
426 658 512 719 perlata
525 663 583 704 esset
595 658 654 705 fama
668 659 785 706 Platonem
801 660 881 706 Taren-

67 769 69 772 ·
134 755 184 795 tum
201 749 300 804 uenisse,
315 746 450 808 Dionysium
459 746 530 792 Dioni
538 746 687 804 adolescenti,
698 749 738 809 qui
746 748 808 794 illius
819 744 891 795 audi-¹

135 837 187 883 endi
204 834 328 896 cupiditate
346 834 462 895 flagraret,
481 850 562 894 negare
578 851 623 880 non
638 836 739 895 potuisse
755 836 811 896 quin
829 853 879 882 eum

134 927 256 969 arcesseret
260 941 266 978 ς
282 923 359 981 itaque
372 920 443 981 (dicit)
455 937 553 981 „magua
566 938 617 967 eum
629 921 751 968 ambitione
760 910 880 984 Syracusas

135 1009 264 1071 perduxit.”
290 1008 359 1066 Quod
376 1024 428 1053 sane
440 1008 512 1053 multo
524 1009 595 1069 magis
608 1014 641 1054 est
653 1009 686 1054 rei
697 1014 879 1055 consentaneum.

135 1096 222 1143 Notum
241 1100 274 1142 est
291 1096 361 1150 euim,
379 1096 515 1157 Dionysium
526 1097 632 1141 maiorem
644 1096 740 1142 multum
754 1113 832 1158 operae
844 1096 880 1143 de-

136 1184 194 1230 disse
217 1184 288 1229 literis
311 1199 352 1229 nec
378 1182 502 1244 quidquam
518 1183 589 1244 magis
608 1183 710 1230 ei'curae
727 1184 796 1230 fuisso
814 1201 881 1245 quam

137 1277 164 1317 111
187 1271 239 1316 aula
261 1269 401 1331 Syracusana
423 1286 437 1315 a
459 1270 531 1331 poetis
555 1275 577 1315 11
599 1269 671 1316 doctis
696 1271 883 1334 celebrareturl]

136 1358 199 1417 Quid
220 1358 290 1419 igitur
313 1358 395 1403 mirum
418 1357 437 1402 si
461 1357 579 1404 Platonem
600 1374 690 1419 quoque
706 1375 787 1420 magno
805 1359 881 1405 studio

135 1447 164 1494 ad
181 1464 204 1493 se
221 1445 322 1491 vocavit?
345 1444 417 1491 Nulla
433 1458 485 1491 vero
504 1451 538 1491 est
556 1462 623 1492 causa
641 1463 681 1492 cnr
699 1447 825 1508 opinemur,
838 1446 882 1494 Ne-

135 1539 211 1596 potem
234 1549 306 1579 errore
329 1533 353 1577 in
375 1532 508 1593 Dionysium
533 1533 640 1579 maiorem
660 1533 803 1580 transtulisse
821 1535 882 1594 quod

135 1625 213 1683 postea
229 1620 290 1666 filius
306 1620 353 1665 eius
365 1620 444 1665 fecisse
455 1617 563 1676 traditur,
584 1636 655 1680 quum
666 1620 785 1667 Platonem
796 1622 882 1667 triremi

136 1708 232 1754 Athenis
246 1712 371 1753 arcesseret.
390 1706 453 1752 Illud
471 1711 530 1752 certe
546 1723 690 1768 nequaquam
702 1707 820 1764 credibile,
833 1708 883 1754 Pla-

135 1801 223 1850 tonem,
235 1794 297 1840 utin
310 1793 405 1855 epistola
415 1793 509 1854 legitur,
528 1794 588 1840 rard
604 1794 675 1851 τύχην
688 1800 709 1840 11
724 1795 882 1856 1111118111-

136 1898 200 1928 cusas
219 1881 319 1926 delatum
337 1897 390 1926 esse¹
418 1879 524 1926 Ceterum
533 1881 561 1926 de
569 1880 693 1942 Dionysio,
710 1882 822 1942 quomodo
832 1881 882 1928 Pla-

136 1976 213 2015 tonem
230 1968 353 2029 exceperit,
375 1984 442 2028 quam
460 1967 566 2029 probrose
585 1985 636 2014 eum
655 1955 778 2024 dimiserit,
796 1969 821 2014 in
839 1970 883 2030 epi-

135 2056 194 2103 stola
210 2072 239 2102 ne
255 2056 349 2102 verbum
367 2055 465 2116 quidem.
490 2055 565 2101 Etiam
581 2056 606 2101 in
623 2072 671 2117 sqq.
689 2072 711 2117 p.
731 2057 777 2101 331
792 2056 827 2112 D,
843 2055 884 2102 ubi

136 2150 244 2191 memorat
255 2143 348 2189 consilia
359 2143 504 2204 Syracusanis
517 2160 529 2189 a
539 2160 562 2189 se
571 2143 623 2189 data
633 2144 661 2189 (11
669 2143 808 2190 emendanda
817 2159 882 2204 repu-

137 2232 206 2289 blica,
224 2231 326 2291 loquitur
343 2230 371 2277 de
382 2231 491 2293 Dionysio
500 2232 595 2282 ⁴minore
608 2238 629 2278 et
642 2231 669 2277 de
681 2231 765 2288 Dione,
780 2231 807 2278 de
818 2235 882 2293 patre

138 2319 195 2367 nihil
200 2340 207 2377 ,·
226 2324 252 2365 ut
269 2318 413 2364 manifestum
431 2320 472 2375 sit,
492 2336 542 2365 eum
560 2319 612 2365 data
630 2336 697 2381 opera
713 2319 736 2365 id
755 2320 837 2380 egisse,
856 2324 882 2365 ut

164 2518 181 2562 1)
193 2519 273 2553 ruerunt
284 2518 303 2553 in
315 2518 352 2553 eius
366 2519 405 2553 aula
418 2518 595 2564 praeter·Philistum
608 2521 626 2554 et
638 2518 730 2553 Platonem
743 2518 802 2564 plures
811 2519 883 2564 potitae,

140 2601 149 2623 e
165 2589 228 2634 quibus
244 2588 335 2623 Philoxeni
353 2591 371 2624 ct
391 2588 506 2635 Antiphontis
522 2589 583 2635 tragici
601 2589 731 2624 uominafoma
744 2588 765 2622 od
778 2599 882 2633 1111111111-

139 2661 209 2693 nerunt.
241 2658 341 2703 Tyrannum
361 2660 420 2705 ipsum
441 2660 532 2693 Musarum
551 2659 623 2693 cultoris
641 2647 705 2693 nomen
726 2659 814 2692 affectasse
831 2659 883 2693 testa·
935 2699 937 2710 ἲ

139 2732 170 2763 1111
188 2728 240 2763 Diod.
263 2728 304 2771 XV,
321 2728 344 2766 7:
363 2731 427 2767 111111
443 2736 533 2775 ποιήματα
548 2733 617 2779 γράφειν
636 2731 743 2771 ὑπεστήσατο
759 2733 806 2775 μετὰ
823 2730 883 2772 πολλῆς

140 2799 210 2841 σπουδῆς
222 2801 249 2836 καὶ
261 2801 298 2841 τοὺς
308 2803 323 2836 ἐν
333 2800 397 2842 τοὺτοις
408 2801 457 2841 δόξαν
467 2803 535 2848 ἔχοντας
546 2804 678 2846 μετεπέμπετο,
690 2802 717 2836 καὶ
728 2807 814 2849 προτιμῶν
825 2803 883 2842 αὐτοὺς

140 2870 242 2918 συνδιέτριβε
254 2872 282 2906 καὶ
293 2877 325 2906 τῶν
336 2874 434 2917 ποιημάτων
445 2873 538 2911 ἐπιστάτας
550 2872 578 2906 καὶ
591 2870 682 2918 διορθωτὰς
694 2870 743 2918 εἶχεν.
765 2870 804 2906 Vid.
817 2871 881 2919 Grotc,

140 2939 180 2987 ru.
192 2938 227 2981 11,
241 2950 259 2986 p.
272 2939 300 2976 ae.
