1932 3115
471 143 500 194 76

115 299 250 347 vocabulum
272 301 345 360 πορείο
367 300 395 346 de
414 301 546 362 migratione
564 301 592 347 ad
609 302 691 361 inferos
708 302 798 350 Platoni
815 303 856 349 fie-

116 402 186 447 quens
192 406 198 443 3
216 387 261 434 vid.
279 388 333 435 ibid.
351 405 373 450 p.
392 389 437 434 ll5
456 389 489 434 A:
508 386 559 435 οὕτω
577 390 680 448 περιμένει
695 391 732 445 τὴν
744 389 856 448 εἶς”Ανδον

116 475 207 533 nepetae.
233 475 317 522 Contra
333 475 425 538 verbnm
441 481 519 523 νοστεῖν
535 477 650 538 po'e'ticum
667 482 700 524 est
714 494 755 525 nec
766 477 856 524 Platoni

116 564 187 625 magis
199 580 267 626 qnam
277 564 354 610 ceteris
365 563 447 610 Atticis
459 564 576 611 usitatum.
596 564 682 612 Ultima
693 566 759 613 uerba
771 565 856 618 νοέντνος

116 658 223 710 naccam&
247 656 301 698 sunt
322 650 403 697 inutile
425 650 604 711 additamentum
625 652 663 699 nel
683 653 759 715 potius
777 668 857 699 sonora

116 739 217 787 clausula
233 739 344 786 tumidam
360 737 478 801 periodum
495 743 546 801 apte
563 740 650 787 finiens.

148 913 222 961 Locus
248 930 315 975 quem
336 914 429 960 tractavi
452 915 578 976 exemplum
602 919 635 961 est
658 915 747 962 dicendi
769 915 867 976 generis·

115 1002 271 1065 guandiloqui3
294 1008 347 1049 sunt
370 997 417 1060 alii,
440 1002 565 1064 inquibus
583 1003 677 1065 scriptor
693 1002 795 1049 Platonis
813 1002 855 1049 ele-

114 1091 214 1151 gantiam
231 1095 253 1137 et
270 1094 409 1137 venustatem
428 1091 452 1136 in
469 1090 657 1152 descriptionibus
676 1095 698 1136 et
715 1089 854 1137 sermonibus

115 1178 210 1224 affectat.
244 1177 362 1225 Eiusmodi
384 1182 417 1224 est
439 1178 502 1225 locus
521 1178 561 1239 qui
577 1178 660 1240 legitun
677 1195 699 1240 p⁴
720 1179 766 1225 347
785 1182 856 1234 extu,

116 1266 155 1326 qui
172 1266 225 1312 huie
241 1265 390 1328 disputationi
399 1266 555 1328 colophonem
570 1266 678 1328 imponat.

146 1351 250 1399 Laudato
270 1358 304 1399 est
325 1353 353 1399 ab
376 1353 624 1418 omnibus'dnamatica
639 1352 740 1399 Platonis
758 1369 793 1399 ais
805 1368 855 1414 ¹qua

114 1441 139 1486 in
156 1440 251 1502 dialogis
268 1440 426 1502 componendis
443 1457 498 1487 usus
516 1445 555 1487 est.
582 1439 701 1502 Colloquia
717 1456 808 1502 prorsus
827 1439 855 1486 ad

116 1527 287 1575 similitudinem
304 1528 419 1575 familiaris
436 1528 495 1574 vitae
513 1533 535 1574 et
546 1528 715 1575 consuetudinis
728 1529 855 1575 Atticorum

114 1620 168 1662 sunt
183 1616 320 1678 composita3
338 1631 446 1678 personae
461 1616 494 1662 ita
504 1616 631 1677 pinguntur
642 1622 668 1662 ut
680 1632 757 1662 eornm
768 1632 855 1672 mones,

80 1731 82 1734 -
114 1719 192 1749 sensus
211 1708 233 1749 et
250 1702 342 1749 affectus
360 1703 424 1764 quasi
439 1719 526 1759 cennas3
544 1703 607 1749 locus
618 1703 666 1765 ipse
677 1703 740 1750 velut
751 1719 854 1765 praesens

115 1795 166 1836 ante
184 1789 260 1837 oculos
277 1789 377 1852 ponitur.
401 1789 490 1848 Quibus
505 1771 702 1853 'retus-effectum·
712 1795 757 1846 est,
775 1795 801 1836 ut
818 1789 856 1835 So·

115 1878 192 1925 cretici
215 1878 298 1940 dialogi
319 1895 366 1925 non
388 1858 459 1940 magis
478 1894 554 1925 renum
575 1882 597 1924 et
614 1878 776 1941 cogitationum
793 1878 857 1940 copia

116 1983 184 2027 quam
205 1966 294 2029 po'e'tica
316 1970 431 2012 venustate
454 1966 499 2027 sint
521 1965 619 2028 insignes
642 1970 664 2012 et
683 1966 856 2012 nonimmerito
880 1948 883 1950 Ι

114 2053 240 2100 dnamatum
261 2054 286 2099 in
308 2070 427 2100 numerum
450 2057 615 2100 accenseantur.
641 2053 856 2116 Epistolognaphus

118 2147 194 2188 noster
208 2142 275 2188 etiam
289 2141 331 2187 hac
344 2142 369 2187 in
382 2145 446 2203 parte
459 2140 560 2187 Platonis
575 2146 647 2187 artem
660 2141 744 2188 imitari
755 2141 853 2188 voluisse

114 2229 210 2275 videtur.
242 2228 377 2285 Videamus,
401 2215 514 2289 quomodo
531 2228 555 2274 id
572 2229 592 2274 ci
609 2229 746 2275 successerit.
780 2227 856 2274 Locus

115 2333 181 2378 quem
203 2317 301 2363 indicavi
322 2317 352 2378 (p.
371 2317 417 2363 347
435 2316 462 2377 Ε)
481 2320 514 2362 est
532 2317 639 2378 epistolae
656 2316 721 2377 quasi
737 2298 852 2378 epilogus,

116 2410 160 2465 quo
176 2404 311 2471 ostenditup,
330 2403 442 2465 quomodo
457 2403 559 2450 simultas
570 2404 629 2449 inten
640 2403 758 2451 Platonem
770 2407 792 2449 et
803 2403 857 2449 Dio·

116 2490 212 2555 nysium
228 2492 268 2538 din
290 2491 361 2538 celata
384 2490 475 2537 tandem
494 2491 518 2537 in
536 2495 634 2552 apertam
651 2491 792 2537 inimicitiam
810 2507 858 2536 eru·

116 2580 181 2641 penit.
207 2580 305 2641 Seniptm
322 2580 380 2626 hanc
396 2585 482 2642 partem
498 2585 608 2640 tanquam
626 2583 750 2625 extremum
767 2577 856 2624 tabulae

116 2672 191 2713 actum
207 2668 284 2729 pulcre
297 2679 408 2714 'exornare
425 2668 520 2714 studuit.

148 2754 222 2814 Μέχρι
246 2755 285 2811 μὲν
308 2756 332 2809 δὴ
348 2755 427 2803 τούτων
448 2755 517 2814 τούτῳ
539 2771 573 2811 μοι
590 2751 746 2810 βεβοηθημένον
762 2750 856 2808 ἐγεγόνει

116 2844 236 2903 φιλοσοφίᾳ
257 2844 293 2891 nat
315 2843 402 2903 Φίλοις·
420 2845 444 2891 τὸ
461 2843 482 2890 δὲ
498 2843 557 2900 μενον
576 2848 650 2902 τοῦτον
667 2840 745 2909 &Zetae
761 2842 803 2898 ἐγὼ
820 2842 856 2889 nni

117 2930 234 2991 Διονύσιος,
260 2931 357 2988 ἐγὼμὲν
374 2928 516 2990 pittantiis
538 2928 633 2989 καθάπερ
651 2928 699 2988 ὅρνις
717 2929 782 2976 ποθῶν
797 2931 856 2977 ποθὲν
