1932 3115
423 93 468 138 tta

74 243 161 291 dierum
178 246 250 307 spatio
267 245 362 306 transigi
378 261 424 291 non
441 247 554 308 potuisse:
575 247 658 293 idcirco
675 248 753 294 ambae
769 264 818 293 nar-

72 332 170 379 rationes
182 333 241 379 iuter
253 350 276 379 se
286 349 366 394 parum
379 334 496 380 concinere
509 333 627 391 ridentur,
641 335 702 396 quod
711 352 764 388 sane
772 351 818 381 non

73 426 107 466 est
125 421 234 468 indicium
256 422 356 468 veritatis
373 428 396 468 et
413 421 472 467 fidei.
489 421 525 468 De
539 423 588 484 ipso
603 422 704 469 Platonis
718 424 818 469 discessu

73 509 215 571 aliquantum
238 510 349 572 discrepat
366 509 517 567 Plutarchus,
536 527 554 556 c.
574 513 617 568 21),
631 512 670 572 qui
687 518 764 558 narrat
780 511 819 557 Di-

74 599 177 659 ouysium
203 615 293 660 operam
317 599 405 645 dedisse
422 607 449 645 ut
466 599 576 646 offensum
596 599 697 645 Platonis
718 600 817 646 animum

73 685 196 733 honoribus
220 694 243 732 et
260 686 331 749 epulis
348 688 475 749 mitigaret,
494 704 539 749 qua
556 689 671 734 occasione
689 689 757 734 etiam
774 688 819 734 dic-

73 773 155 820 terium
172 774 274 821 Platonis
292 792 359 836 super
376 776 478 822 convivio
495 781 610 822 memorat.
646 774 723 833 Quum
734 776 819 838 Diony-

74 847 123 906 sius·
138 861 243 908 dixisset:
262 861 328 918 „Nae
345 868 384 920 tu,
402 862 481 920 Plato,
499 863 578 909 multis
596 869 618 909 et
630 863 735 924 gravibus
747 863 819 909 crimi-

73 949 203 996 nationibus
214 966 256 996 nos
268 950 329 1012 apud
338 950 425 997 sodales
434 957 486 997 tnos
494 950 602 997 lacerabis
608 950 631 1007 3²⁷
640 950 678 996 ille
688 950 817 996 subridens:

73 1037 168 1095 „Absit
185 1039 313 1100 respondit,
332 1020 386 1101 opto
403 1056 431 1085 nc
448 1045 511 1085 tauta
527 1038 592 1084 nobis
602 1039 631 1084 sit
643 1054 771 1084 sermonum
782 1055 819 1100 pe-

73 1125 151 1182 nuria,
175 1130 201 1171 ut
221 1126 257 1172 tui
275 1131 377 1187 oporteat
393 1126 544 1173 meminisse.'’
578 1125 651 1172 Addit
667 1125 817 1182 Plutarchus,

74 1212 116 1257 hoc
134 1229 186 1258 cum
203 1214 298 1275 epistola
314 1219 392 1260 nostra
413 1230 460 1260 non
476 1215 542 1276 plane
557 1214 686 1283 concinere:
707 1215 730 1260 οὐ
747 1214 821 1269 μέντοι·

74 1300 103 1346 τα
125 1301 240 1352 Πλάτωνας
267 1304 332 1348 αὐτοῦ
352 1300 409 1348 aava
429 1302 510 1354 τούτοις
527 1301 617 1362 ξυνᾴδει.
650 1300 714 1346 Idem
732 1300 817 1347 dictum

73 1392 182 1433 memorat
208 1387 324 1445 Laertius,
351 1388 405 1445 HI,
432 1391 475 1445 21,
499 1388 538 1434 scd
563 1388 591 1434 ad
607 1388 712 1449 Dionysii
728 1389 818 1434 maioris

73 1479 175 1536 tempora
191 1476 269 1532 refert,
293 1475 354 1536 quod
376 1480 451 1521 tamen
474 1475 548 1521 minus
566 1480 600 1521 est
619 1475 742 1536 probabile.
777 1475 819 1522 Est

74 1566 150 1607 autem
167 1578 243 1608 cares
260 1562 323 1623 parvi
339 1563 448 1609 momenti
465 1568 487 1608 ct
505 1562 618 1608 sublestae
635 1562 694 1608 fidei.

106 1735 202 1797 Reliqua
230 1753 287 1798 quae
310 1741 360 1798 post
382 1736 483 1783 Platonis
505 1736 603 1782 reditum
630 1753 641 1782 e
667 1735 743 1782 Sicilia
769 1741 818 1782 acta

74 1829 128 1869 sunt
144 1824 241 1870 breuiter
257 1828 392 1885 tanguntur.
424 1823 504 1870 Redur
519 1824 581 1870 venit
598 1822 726 1884 Olympiam
741 1823 818 1884 ibique

75 1910 168 1956 offendit
185 1910 292 1968 Diouem,
312 1912 362 1972 qui,
382 1911 465 1958 auditis
483 1928 541 1972 quae
557 1910 681 1972 Dionysius
698 1912 722 1956 in
740 1927 763 1956 sc
776 1918 819 1956 sta-

72 2000 166 2054 tuisset,
178 1998 257 2045 ulcisci
268 1998 366 2045 decreuit
378 1999 507 2060 bellumque
519 1999 618 2061 parauit,
629 1998 691 2060 quod
700 1998 816 2059 aliquanto

75 2091 126 2150 post
143 2087 163 2131 ei
179 2087 265 2132 intulit.
299 2086 365 2135 Plato
382 2086 437 2133 belli
454 2088 583 2133 societatem
601 2086 692 2143 abnuit,
711 2103 818 2133 excusans

74 2179 212 2220 senectutem
231 2179 263 2238 et
291 2174 383 2235 hospitii
411 2175 448 2235 jus
476 2174 537 2235 quod
565 2175 608 2235 ipsi
635 2190 687 2230 cum
709 2173 818 2241 Dionysio

73 2261 233 2317 intercederet,
258 2277 325 2321 seque
347 2261 536 2307 reconciliationis
558 2278 604 2307 ncrr
622 2261 676 2306 belli
693 2261 818 2323 adjutorem

75 2348 189 2410 pollicitus
212 2353 245 2394 est
268 2349 298 2409 (p.
323 2349 369 2394 350
388 2347 480 2409 B-D).
507 2347 545 2393 Ita
560 2347 673 2409 Epistola,
692 2348 730 2393 alii
746 2348 817 2394 aliter.

74 2434 164 2492 Cicero,
189 2435 216 2482 de
238 2434 300 2482 Orat.
324 2434 375 2491 ΠΙ,
397 2437 442 2480 34:
468 2434 543 2492 „Quis
561 2434 656 2480 Dionem
674 2434 821 2496 Syracusium

74 2524 178 2570 omnibus
196 2523 303 2569 doctrinis
321 2522 443 2584 expolivit?
455 2539 501 2568 uon
513 2521 595 2568 Plato?
607 2523 684 2583 Atque
696 2523 818 2570 cumidem

73 2610 112 2656 ille
134 2614 180 2657 uon
202 2611 294 2672 linguae
316 2596 402 2667 solum,
420 2627 498 2656 verum
515 2610 582 2655 etiam
599 2609 669 2656 animi
686 2627 711 2656 ac
728 2612 819 2657 virtutis

69 2698 180 2759 'magister
203 2699 230 2744 ad
253 2697 394 2744 liberandum
414 2697 510 2759 patriam
525 2684 631 2757 impulit,
648 2697 768 2754 instruxit,
787 2704 819 2745 ar

74 2784 165 2831 mauit.”
198 2785 319 2841 Aelianus,
337 2783 391 2830 Var.
408 2784 462 2830 hist.
480 2783 530 2840 ΙΠ,
542 2785 584 2830 ll:
602 2786 695 2830 Πλάτων
710 2785 818 2843 δὲ·ὂἈρι’-

75 2889 150 2924 στανος
172 2873 244 2919 Δίωνα
259 2872 389 2928 κατήγαγεν
406 2873 434 2924 εἷς
452 2872 566 2927 Σικελίαν,
584 2871 620 2917 καὶ
637 2871 662 2916 δι’
678 2869 704 2918 ὧν
721 2871 819 2929 ξυνεβού-
