1932 3115
452 129 481 173 85

95 282 195 328 omnium
205 299 263 344 quae
269 282 391 343 Dionysius
401 283 497 345 superbe
507 287 529 330 et
538 278 668 346 importune
676 283 758 329 faceret
765 288 844 357 suaso}

94 387 141 417 rem
151 370 172 417 ei
180 370 250 417 tuisse
259 370 384 417 Platonem,
404 370 439 416 ad
448 371 503 437 haee
512 376 634 434 postquam
642 369 751 433 Dionysio
760 372 784 418 in
795 375 840 428 me}

94 459 186 505 moriam
198 460 324 516 revocarit,
341 476 364 505 se
382 476 434 505 cum
444 459 484 506 illo
493 460 551 506 nihil
559 461 606 506 tere
614 464 655 506 τῶν
664 464 775 507 πολιτικῶν
783 446 840 527 trae}

94 551 153 593 tasse
175 547 220 593 nisi
242 545 304 594 elnac
321 565 345 593 τε
364 547 455 605 &aazia
471 545 531 595 ν’ἒττνν
548 547 585 595 acl
603 546 649 605 περὶ
666 547 697 593 τοὶ
713 551 754 594 τῶν
771 547 839 604 νόμων

93 634 192 693 aceolum
217 633 372 682 rrcotauarra
396 636 426 697 (p.
453 637 500 681 316
526 636 569 697 Α),
593 636 640 698 jam
666 635 693 681 ad
719 640 839 697 utramque

92 722 270 769 criminationem
287 739 310 769 se
326 739 486 785 responsurum
504 723 576 769 dicit:
595 723 644 782 πρὸς
661 722 695 769 aa
713 723 737 776 Ba
753 741 788 779 μοι
798 724 839 770 διτ-

78 810 134 874 *rec
151 807 269 867 νίννγκννῖνν
286 811 413 864 cataracta
429 811 471 864 τὰς
487 811 616 868 ἀπολογίαις.
638 810 738 857 Primum
756 810 838 857 crimen

93 898 182 961 repellit
205 899 355 946 ostendendo:
378 901 404 950 ec
425 899 509 952 εἰκότως
527 918 558 946 σοι
575 899 657 957 ἔφυγον
673 904 773 947 κοινωνεῖν
791 900 837 959 περὶ

92 987 122 1035 rel
139 994 177 1041 τῆς
195 986 275 1041 πόλεως
293 990 427 1046 πρώνμννννν.
461 987 490 1034 Itl
507 987 588 1050 prohat
608 989 763 1035 ecommercio
776 988 837 1050 quod

92 1076 136 1138 ipsi
156 1075 271 1138 Syracusis
289 1076 380 1138 degenti
397 1092 449 1122 cum
467 1073 576 1137 Dionysio
593 1076 767 1133 intercessisset,
786 1081 837 1122 ete

93 1165 180 1212 casibus
203 1182 260 1226 quos
282 1164 315 1211 ihi
336 1170 394 1211 esset
417 1169 529 1227 expertus.
563 1164 687 1221 Memorat,
706 1164 777 1226 qrrum
794 1157 838 1227 pri-

91 1270 154 1300 mum
166 1253 263 1299 venisset
274 1252 407 1314 Syracusas,
419 1253 528 1310 Dionem,
541 1254 653 1315 optimum
663 1254 747 1310 virum,
760 1270 773 1299 a
784 1253 838 1299 Dio-

91 1341 155 1403 nysio
173 1341 293 1403 expulsum
310 1358 369 1398 esse,
385 1358 409 1403 se
425 1342 450 1388 in
462 1341 514 1400 aula
525 1342 584 1388 inter
594 1341 661 1388 vilem
674 1347 837 1388 assentatorum

44 1455 46 1458 ·
91 1430 182 1477 turham
204 1434 331 1487 retentum3
355 1441 436 1491 aquo
458 1434 558 1492 tempore
580 1430 649 1476 missa
671 1447 695 1476 se
711 1430 790 1477 fecisse
806 1431 836 1477 rol

92 1518 193 1565 πολιτικὰ
199 1555 206 1579 ‚
223 1517 293 1579 idque
310 1533 382 1564 unum
391 1518 471 1580 ‘egisse
487 1523 514 1565 ut
525 1518 660 1580 Dionysium
671 1523 694 1564 et
704 1518 801 1565 Dionem
812 1519 836 1565 in

92 1590 187 1667 gratiam
203 1605 365 1652 reconciliaret.
390 1604 507 1653 Postremo
524 1622 548 1652 sc
565 1623 578 1652 a
595 1606 704 1668 Dionysio
719 1606 837 1652 dimissum

79 1710 139 1763 ¹esse
161 1694 205 1740 lroc
227 1699 304 1756 pacto,
328 1699 367 1750 ut,
392 1693 482 1755 qnando
505 1693 591 1740 bellum
614 1694 675 1755 quod
697 1699 748 1740 tum
764 1694 792 1741 ab
810 1711 835 1741 eo

91 1781 210 1844 gerebatur
234 1782 382 1844 compositum
406 1786 474 1838 esset,
493 1798 608 1828 unacum
624 1781 698 1828 Dione
715 1781 836 1844 Syracusas

90 1876 244 1917 reverteretur.
280 1870 338 1917 Pace
360 1861 412 1917 vero
432 1871 502 1928 facta,
522 1847 593 1932 quiam
609 1870 657 1932 ipse
674 1870 736 1916 solus
754 1887 767 1916 a
783 1869 836 1916 Dio·

89 1958 154 2020 nysio
180 1963 343 2015 revocaretur,·
360 1958 459 2021 primum
486 1975 509 2005 se
533 1958 558 2004 id
581 1958 698 2014 abnuisse,
721 1963 835 2021 postremo

89 2053 165 2094 tamen
187 2046 273 2093 triremi
290 2064 304 2093 a
320 2064 373 2109 rege
388 2046 490 2093 Athenas
506 2047 575 2093 missa
592 2047 736 2103 arcessitum,
754 2046 834 2093 Dionis

90 2135 257 2196 amicorumque
275 2135 367 2181 hortatu
383 2135 407 2181 in
424 2134 524 2181 Siciliam
541 2135 666 2197 protectum
684 2151 744 2191 esse,
758 2136 834 2196 caspe

89 2210 137 2270 fore
158 2227 185 2269 ut
206 2227 300 2284 ruptum
322 2222 457 2285 Dionysium
479 2223 539 2269 inter
561 2228 583 2269 ct
595 2222 703 2269 ‘Dionem
723 2222 835 2269 amicitiae

88 2311 205 2358 vinculum
222 2315 342 2373 repararet.
377 2310 455 2368 Quum
472 2316 548 2356 autem
564 2309 685 2372 Syracusas
699 2311 797 2356 venisset
813 2316 835 2356 et

90 2398 151 2461 apud
167 2403 288 2460 tyranuum
305 2414 346 2459 pro
362 2397 433 2443 amico
444 2397 603 2454 intercederet,
616 2413 640 2443 se
651 2396 769 2444 fallacibus
780 2396 835 2443 Dio·
894 2394 896 2396 ’

88 2487 148 2550 nysii
161 2485 277 2549 promissis
289 2502 314 2531 ac
326 2484 384 2531 dolis
397 2485 486 2532 elusum
498 2502 545 2532 esse
558 2490 580 2532 et
591 2470 723 2547 deceptum,
736 2485 833 2536 Dionem

88 2575 153 2623 bonis
176 2578 283 2630 exutum,
306 2572 438 2619 familiarem
456 2573 504 2619 eius
521 2572 665 2619 Heraclidem
682 2573 782 2635 pulsum,
800 2590 834 2619 ce-

87 2669 146 2709 teros
164 2661 246 2707 amicos
264 2666 350 2722 spretos
368 2666 391 2707 et
407 2661 498 2707 territos
516 2677 575 2717 esse,
592 2676 618 2706 eo
630 2665 760 2723 praetextu,
771 2660 833 2722 quod

88 2750 186 2796 Dionem
202 2748 274 2811 pluris
293 2749 392 2794 facerent
409 2749 503 2809 eiusque
521 2748 582 2794 salus
599 2748 671 2810 magis
688 2747 833 2794 1011111111-

88 2844 122 2885 set
139 2854 207 2899 quam
223 2837 335 2899 Dionysii.
361 2837 436 2895 Haec,
454 2838 544 2899 11111111,Ι
557 2836 693 2884 documento
711 2841 765 2883 sunt
777 2837 832 2898 (τῆς)

89 2925 135 2984 περὶ
154 2926 185 2973 rot
202 2925 304 2972 πολιτικοὶ
319 2927 424 2980 κνινωνίννς
444 2932 482 2981 τῆς
500 2927 553 2981 ἐμῆς
570 2925 607 2974 cal
624 2932 673 2982 σῆς,
690 2925 713 2971 h.
729 2942 748 2972 e.
765 2925 831 2991 quale
