1932 3115
427 138 471 183 tlt

79 289 131 335 dam
139 290 227 351 inepta,
240 290 367 337 cuiusmodi
378 295 412 336 est
423 290 498 336 hoece.
513 289 590 348 Quum
600 307 612 336 a
621 290 730 351 Dionysio
738 291 821 337 iterum

78 377 102 422 iu
116 376 216 424 Siciliam
226 366 319 423 iro-catus
331 382 401 433 esset,
409 382 517 439 reputans
528 380 555 430 ὡς
566 378 622 425 οὐδὲν
633 379 765 434 laruarum,
778 380 821 426 νέον

78 459 183 523 ἄνθρωπον
194 464 343 522 ποοροοκούοντον
354 463 418 518 οὶὲίοον
429 464 495 521 λόγον
507 465 652 524 πραγμάτων,
664 466 747 520 εὐμαθῆ
752 502 758 525 ,
771 466 821 524 πρὸς

49 603 52 609 ,
67 551 146 610 ’ἕρωτον
160 552 226 599 ἐλθεῖν
242 557 281 599 τοῦ
291 552 407 609 βελτίστου
419 551 479 612 βίον,
493 553 581 609 censuit
592 552 634 599 δεῖν
646 552 699 598 adri
708 551 821 608 ἕξελέγξοι

78 643 155 699 σοφῶς
159 659 166 697 ;
185 645 207 686 et
222 627 330 702 deinceps
342 644 419 686 narrat
436 639 526 700 qualem
537 645 612 699 πεῖρον
623 639 652 685 ad
663 638 767 701 Dionysii
778 641 823 686 ani-

78 743 142 772 mum
154 726 315 792 explorandum
327 720 464 784 adhibuerit,
477 744 502 789 p«
513 729 559 773 339
569 727 630 788 Esq.
647 727 710 773 Haeo
719 727 822 788 equidem

79 815 145 860 oredo
162 815 244 878 inepto·
257 815 332 877 potius
349 815 474 877 magistello
492 832 560 876 quam
578 815 672 862 Platone
689 815 758 877 digua
775 832 823 861 esse

78 902 188 949 habenda.
211 902 335 965 Dionysius
349 909 399 950 tum
411 905 499 951 circiter
511 903 604 965 triginta
616 920 685 950 annos
694 909 762 950 uatus
775 908 823 950 erat

79 996 101 1036 et
128 1006 167 1051 pei·
190 990 290 1052 quinque
313 1008 382 1038 anuos
405 992 525 1054 imperium
546 997 660 1048 tenuerat,
685 1007 754 1052 quare
776 1007 822 1037 nou

78 1094 169 1140 prorsus
190 1080 232 1131 νέος
252 1079 357 1137 ἄνθρωπος
375 1079 468 1141 apellari
484 1085 584 1141 poterat;
602 1079 666 1125 Plato
684 1086 757 1125 autem
774 1080 822 1125 eius

78 1165 195 1227 ingenium
216 1166 282 1227 quale
299 1171 357 1213 esset
372 1167 418 1228 jam
435 1166 523 1228 aliquot
540 1171 591 1212 ante
608 1167 672 1212 annis
689 1166 759 1228 probe
775 1182 823 1227 per-

79 1253 163 1314 spicere
186 1258 302 1315 potuerat,
326 1270 395 1314 quare
417 1254 543 1300 ridiculumv
562 1260 610 1300 erat
626 1270 714 1315 sperare
726 1253 823 1300 subitam

79 1340 176 1401 aliquam
198 1341 365 1388 conversionem
388 1342 412 1387 in
434 1358 459 1387 eo
481 1341 563 1387 laetam
584 1358 643 1397 esse,
666 1341 737 1403 magis
755 1341 821 1387 etiam

78 1427 191 1489 ineptum,
210 1427 297 1474 homiui
313 1445 338 1473 ea
356 1433 428 1474 aetate
445 1416 513 1474 talem
531 1428 734 1489 adhiberemipan,
750 1428 823 1489 qualis

79 1514 102 1560 in
115 1514 293 1561 adolescentibus
311 1515 453 1577 explorandis
464 1515 552 1562 utiliter
563 1515 653 1562 institui
666 1521 749 1578 posset.
769 1514 823 1560 Non

78 1603 161 1648 mirum
187 1608 220 1649 est
245 1603 343 1649 evenisse
369 1603 430 1664 quod
454 1603 546 1660 accidit,
573 1603 691 1650 Platonem
708 1603 784 1657 oleum
801 1607 823 1649 et

79 1691 169 1751 operam
186 1690 317 1752 perdidisse.
328 1691 345 1752 ¹)

112 1776 180 1835 Quod
202 1779 283 1824 attinet
305 1779 334 1825 ad
357 1779 450 1825 consilia
466 1780 559 1841 politica
575 1795 632 1841 quae
649 1778 729 1824 Dionis
747 1777 823 1823 amieis

78 1851 196 1926 impertitp
208 1883 230 1928 p.
249 1868 295 1914 337
314 1868 348 1924 A,
371 1883 409 1924 ea,
434 1872 546 1927 quatenus
567 1883 613 1913 non
631 1883 642 1913 e
659 1865 722 1912 libris
739 1865 767 1911 de
783 1863 825 1911 Le-

79 1952 144 2013 gibus
162 1952 266 1999 desumta
283 1959 349 2011 suut,
368 1954 421 2000 satis
439 1954 537 2001 ridicula
554 1954 611 2000 mihi
627 1953 739 1999 videntur.
757 1952 788 1997 Et
799 1968 824 1997 ea
843 2017 845 2019 ‚

78 2040 170 2100 quidem
188 2057 244 2102 quae
261 2041 327 2088 initio
348 2042 467 2098 dicuntur,
488 2059 557 2088 novas
577 2041 637 2103 leges
657 2039 759 2087 ferendas
777 2055 824 2086 esse

77 2126 146 2184 tales,
171 2143 228 2189 quae
249 2145 297 2175 non
319 2129 535 2176 minusvietoribus
553 2145 620 2190 quam
636 2128 701 2174 vietis
720 2133 823 2188 acceptae

78 2215 135 2271 siut,
157 2220 180 2261 et
191 2215 237 2261 duo
250 2225 297 2262 esse
309 2217 374 2277 quasi
385 2216 535 2263 instrumenta
547 2216 629 2277 quibus
641 2215 695 2277 vieti
707 2214 735 2261 ad
746 2215 823 2276 legum

79 2302 212 2364 obsequium
235 2303 318 2350 adduei
339 2304 438 2366 possint,
466 2305 516 2352 νῖδῶ
541 2304 578 2351 uui
604 2303 685 2364 φόβον,
710 2303 766 2349 haec
788 2301 825 2348 de-

86 2428 223 2435 Μ

102 2504 193 2549 illidam
205 2506 260 2541 Grote
272 2506 307 2549 XI,
320 2518 337 2554 p.
351 2505 434 2549 ‘ld-76,
447 2488 561 2553 reprehendit
571 2505 651 2541 Platonis
665 2504 728 2550 agendi
738 2503 825 2539 rationem

78 2575 96 2609 in
108 2576 147 2611 aula
155 2576 237 2624 Dionysii
247 2580 268 2613 et
280 2578 352 2613 modum
365 2589 410 2624 quo,
418 2577 515 2613 secuudum
523 2576 622 2625 Epistolas,
632 2578 727 2622 tyranuum
737 2575 759 2610 ad
767 2574 825 2621 philo·

78 2646 157 2691 sophiam
170 2651 273 2684 convertere
286 2647 363 2684 studuit:
381 2648 429 2692 „But
444 2648 481 2684 still
496 2648 527 2683 the
542 2647 651 2695 experimeur
665 2646 723 2681 would
729 2647 773 2681 have
780 2645 824 2681 been

78 2715 124 2751 tried
135 2717 201 2753 witha
218 2719 252 2754 fair
264 2719 329 2754 chance
342 2720 361 2754 of
372 2731 450 2762 success,
466 2719 482 2754 if
493 2719 534 2765 only
546 2718 597 2753 Plato
611 2717 675 2763 during
688 2716 715 2752 his
728 2715 825 2752 shortlived

77 2785 159 2832 spiritual
171 2789 263 2836 authority
275 2794 293 2824 at
306 2790 400 2836 Syracuse,
413 2789 448 2824 bad
460 2788 552 2824 measured
564 2800 613 2824 more
627 2788 728 2834 aeeurately
740 2788 771 2822 the
778 2798 826 2834 prae-

77 2856 120 2892 tieal
138 2857 224 2895 iufluonce
242 2860 299 2895 which
318 2873 328 2896 a
346 2860 460 2907 philosopher
472 2860 531 2906 might
542 2859 647 2906 reasonably
659 2860 706 2905 hope
718 2862 737 2893 to
750 2858 825 2893 asereise

78 2938 121 2962 ovar
131 2927 248 2976 ·Diouysius.''
273 2930 313 2966 Vid.
327 2944 344 2978 p.
358 2931 388 2969 76.

696 2999 738 3043 lOll
