1932 3115
422 154 465 200 137

73 307 149 368 junxit
172 324 224 353 cum
246 307 348 367 Archyta
369 306 464 367 aliisque
480 306 639 368 Pythagoreis,
657 305 710 351 inde
727 305 819 351 domum

55 384 57 388 ,
77 394 162 441 rediit
185 394 247 440 Haec
265 399 299 440 est
315 410 403 440 summa
420 411 494 440 eorum
515 411 571 455 quae
586 393 728 452 'desecnudo
740 393 819 439 itinere

77 482 100 528 in
118 483 193 529 aulam
210 482 314 543 Dionysii
331 482 355 528 in
373 482 467 544 epistola
484 487 644 528 memorantur.

111 570 175 629 Quae
190 570 223 616 ihi
239 570 335 618 hreriter
346 575 483 632 tanguntur,
501 570 591 632 plenius
609 570 708 632 exposita
724 569 819 630 legimus

78 660 139 721 apud
163 659 293 716 historicos,
321 675 332 705 e
358 658 440 720 quihus
466 658 583 715 discimuS,
607 659 745 705 simultatem
762 657 820 703 iuter

77 747 173 794 Dionem
196 752 218 793 et
241 747 337 793 alterum
354 747 489 808 Dionysium
506 763 552 793 nou
568 751 657 793 tantum
675 745 821 793 calumniato-

77 853 127 882 rum
152 835 265 892 διαβολαῖς
291 834 409 881 excitatam
435 851 494 891 esse,
521 834 560 881 sed
583 835 629 897 jam
655 840 706 881 ante
726 838 820 880 mortem

76 922 180 985 Dionysii
201 923 291 969 maioris
313 924 372 969 inter
389 923 465 969 ambos
483 923 649 989 contentionem
670 940 717 969 esse
734 928 819 978 ortam,
841 980 843 983 ι

78 1027 149 1072 quum
166 1010 210 1056 Dio
227 1011 291 1072 regni
308 1010 569 1057 successionem'minori
585 1010 694 1072 Dionysio
711 1010 821 1072 sruripere

79 1103 101 1144 et
118 1091 285 1145 Aristomaches
303 1099 384 1145 sororis
397 1115 450 1145 suae
467 1098 520 1144 filiis
532 1099 651 1146 conciliare
662 1103 780 1145 conaretur
786 1117 793 1156 5
805 1098 821 1160 ¹)

38 1175 40 1177 ¹
79 1203 136 1247 quae
159 1187 261 1233 simultas
284 1187 381 1249 primum
400 1188 485 1249 sopita,
503 1204 567 1244 mou,
585 1188 707 1249 instigante
726 1187 822 1234 maxime

78 1274 187 1332 Philisto,
211 1276 251 1337 qui
267 1292 339 1338 nuper
356 1276 384 1322 ab
402 1275 479 1322 exsilio
497 1261 617 1337 Syracusas
631 1281 748 1322 revocatus
763 1279 820 1331 erat,

79 1363 103 1409 iu
129 1368 231 1425 apertum
256 1363 334 1410 odium
360 1364 440 1426 erupit.
461 1354 598 1426 ¹*Praecipua
615 1364 661 1410 irae
681 1380 748 1410 causa
765 1363 819 1420 fuit,

80 1450 141 1512 quod
163 1451 272 1513 Dionysio
294 1439 389 1498 traditae
413 1456 476 1498 erant
497 1452 574 1499 literae
595 1469 607 1498 a
629 1451 703 1498 Dione
724 1452 753 1498 ad
770 1451 822 1498 (lar-

80 1539 257 1601 thaginiensium
278 1540 400 1601 praefectos
418 1541 513 1596 missae,
532 1540 615 1601 quibus
637 1556 673 1586 eos
690 1540 824 1587 hortabatur

80 1644 108 1674 ne
128 1628 176 1674 sine
193 1644 234 1673 sua
250 1627 408 1691 intercessione
425 1644 477 1674 cum
493 1634 588 1689 tyranno
599 1629 679 1675 foedus
687 1628 793 1675 facerent.
805 1628 822 1689 Β)

83 1715 149 1762 Hanc
168 1715 196 1762 oh
213 1732 260 1762 rem
278 1715 362 1762 abillo
379 1716 491 1778 relegatus
509 1722 550 1763 est.
584 1719 685 1779 Apparet
701 1717 771 1778 igitur
785 1716 825 1762 Di-

83 1804 185 1865 onysium
201 1820 247 1849 non
264 1804 296 1849 ita
312 1803 422 1850 immerito
440 1822 453 1850 a
470 1804 544 1852 Dione
562 1805 604 1851 sibi
620 1805 740 1861 metuisse,
753 1821 824 1865 quum

83 1890 177 1952 epistola
196 1907 242 1937 rem
259 1891 291 1936 ita
308 1897 430 1952 proponat,
449 1893 514 1953 quasi
534 1893 653 1939 discidium
664 1892 723 1939 illud
734 1891 824 1954 tyranni

82 1982 172 2023 tantum
189 1977 269 2040 culpae
285 1977 431 2024 tribuendum
449 1979 485 2025 sit.

55 2072 63 2091 ”
116 2064 184 2122 Quod
195 2064 261 2110 Plato
273 2065 339 2110 dicit:
358 2063 430 2112 Atera
447 2055 597 2118 dicamini.
615 2067 700 2126 σμικρὸν
715 2067 825 2119 eiectatur
869 2053 871 2055 Ι

84 2151 212 2209 ἐμβιβάσας
229 2151 334 2208 ἐέὲβκλεν
357 2153 453 2209 dripere,
471 2154 495 2199 id
513 2155 611 2200 concinit
628 2171 679 2201 cnm
698 2155 826 2201 narratione

84 2240 181 2296 Timaei,
200 2256 266 2300 quem
283 2239 325 2286 hac
342 2240 366 2287 in
381 2258 406 2287 re
423 2247 513 2288 secutus
531 2247 565 2288 est
581 2242 730 2299 Plutarchus,
749 2260 767 2289 c,
782 2244 825 2288 ld:
853 2293 855 2296 Α

83 2328 155 2388 εὐθὺς,
173 2329 200 2379 ὡς
223 2323 282 2385 εἶχε,
301 2328 383 2383 θέμενος
400 2329 488 2390 (nidva)
511 2331 540 2381 εἰς
564 2329 684 2387 dadraei,
708 2330 826 2396 προσέταξε

109 2528 125 2571 l)
138 2527 233 2573 Dionysius
245 2528 301 2563 maior
314 2527 356 2562 duas
369 2526 429 2562 habuit
443 2538 515 2570 uxores,
529 2528 602 2564 alteram
615 2528 717 2572 Locridem,
732 2531 827 2575 equatres

83 2597 134 2631 liberi
148 2598 163 2632 ei
176 2598 258 2640 fuerunt,
271 2597 289 2632 in
302 2581 330 2632 his
342 2596 449 2643 Dionysius,
461 2597 535 2633 alteram
547 2590 690 2644 hristomachen,
703 2599 766 2635 Dionis
780 2612 828 2635 soro-

83 2679 129 2711 rem,
144 2679 188 2714 quae
201 2667 244 2703 duos
256 2668 301 2703 filios
313 2668 423 2714 totidemque
435 2668 479 2703 filias
489 2669 504 2703 ei
511 2669 579 2715 peperit
588 2668 643 2714 (Plut.
654 2682 668 2705 c.
678 2670 694 2704 6.
703 2669 773 2716 nepos,
782 2683 797 2706 c.
804 2672 828 2715 2).

109 2738 126 2781 2)
139 2738 231 2773 Plutarch.
241 2751 255 2773 c.
265 2739 294 2774 14.
307 2738 360 2774 Dioni
370 2736 410 2773 cnm
421 2738 518 2774 Poenorum
531 2739 604 2774 ducibus
617 2739 669 2775 fuisse
682 2741 828 2776 uecessitudinem

84 2811 156 2853 apparet
175 2820 195 2844 ex
215 2821 234 2843 ec
254 2809 309 2855 quod,
323 2821 376 2857 qaum
389 2812 450 2855 postes
462 2808 480 2843 in
493 2809 570 2845 Siciliain
583 2810 650 2845 bellum
661 2810 745 2853 inferret,
758 2811 781 2846 ad
792 2812 828 2847 Mi·

84 2890 134 2914 noam
148 2880 241 2926 appulsus,
255 2880 325 2927 adjutus
337 2884 364 2916 est
376 2893 386 2916 a
398 2881 500 2917 Poenorum
513 2881 556 2917 duce
568 2882 641 2925 Paralo,
655 2885 675 2916 nt
687 2882 777 2917 Diodorus
787 2894 827 2918 eum

61 2949 63 2953 ⁴
84 2949 174 2993 nominat;
188 2954 208 2985 ut
219 2950 326 2989 Plutarchus
339 2964 353 2989 c.
367 2953 400 2998 25,
414 2952 487 3001 Syneta,
501 2963 575 3003 quocum
588 2952 605 2988 ei
617 2952 714 3000 hospitium
728 2955 771 2994 erat¹
