1932 3115
436 159 481 206 737

87 312 183 370 invidia,
201 326 246 374 qua
262 311 320 358 inter
338 328 360 357 se
378 310 552 367 obtrectassent,
571 310 632 373 apud
649 309 791 357 Athenaeum
808 316 830 356 et

88 400 143 447 alios
154 400 250 461 legimus
262 398 323 460 (rio.
335 398 421 454 Lunae,
434 397 507 444 Lectt.
520 399 569 445 Att.
583 400 690 454 61-65;
705 398 828 445 Hermann.

87 487 146 534 Plat.
164 487 223 533 Phil.
241 504 264 549 p.
283 488 329 532 102
346 493 394 532 not.
411 503 434 548 p.
448 488 514 548 loe),
533 486 632 533 dubitari
648 493 724 533 tamen
737 487 829 548 nequit,

84 575 147 621 inter
168 574 287 636 plerosque
308 565 447 619 nonsluisse
467 590 572 635 magnam
598 574 724 620 animorum
741 590 831 620 consen-

89 663 185 718 sionem,
204 661 325 708 nonnullos
343 662 411 708 etiarn
428 662 473 708 acri
490 661 541 707 odio
559 678 582 707 se
598 662 694 709 invicem
710 663 831 709 insectatos

89 767 143 797 esse.
177 749 226 796 Nec
242 751 332 797 mirum.
367 748 486 808 Quomodo
507 749 567 796 enim
582 749 641 796 inter
663 749 765 796 homines
785 767 832 797 non

88 843 179 885 tantum
191 854 272 900 genere
289 844 311 885 et
323 837 399 898 cultu,
418 837 457 884 sed
473 837 577 899 ingenio,
594 837 705 894 moribus,
722 839 768 884 rita
785 844 831 885 tam

90 927 209 974 dissimiles
235 932 324 990 poterat
348 943 396 973 esse
427 926 554 973 animorum
584 925 729 988 conjunctio?
767 926 832 972 Plato

91 1021 166 1062 autern
183 1021 210 1062 ut
227 1032 307 1077 genere
324 1020 351 1061 et
369 1015 428 1061 vitae
450 1008 573 1077 dignitate,
597 1014 628 1060 sie
650 1014 736 1077 ingenii
758 1014 833 1061 altitu-

91 1104 143 1150 dine
168 1108 191 1150 et
213 1103 342 1165 eloquentia
364 1107 452 1149 tanturn
475 1120 552 1150 omnes
575 1101 734 1159 antecellebat,
760 1108 787 1148 ut
808 1102 832 1148 in

91 1192 152 1237 hunc
177 1208 248 1237 unum
273 1191 370 1237 maxime
394 1190 492 1237 invidiae
513 1190 559 1237 tela
576 1190 718 1252 conjicerent.
751 1189 780 1237 In
797 1190 833 1236 his

92 1285 167 1325 autem
181 1278 282 1324 Platonis
296 1279 483 1326 obtrectatoribus
500 1280 619 1341 praecipue
636 1279 769 1325 nominandi
780 1285 833 1325 sunt

92 1367 221 1428 Aristippus
256 1372 278 1413 et
308 1367 468 1422 Antisthenes,
495 1383 592 1428 quorum
623 1366 678 1412 alter
708 1366 834 1428 voluptaria

92 1454 178 1510 indole,
201 1454 256 1500 alter
273 1454 359 1516 abjecto
377 1460 400 1501 et
415 1454 497 1501 humili
514 1455 604 1516 ingenio
621 1460 711 1500 tanturn
729 1471 742 1499 a
758 1454 834 1500 Plato-

92 1543 127 1589 nis
152 1543 304 1602 retractanda
329 1542 439 1603 distabat,
461 1547 488 1589 ut
504 1542 568 1589 nulla
584 1542 649 1589 facile
665 1542 724 1589 inter
741 1559 778 1588 eos
795 1558 834 1604 po·

92 1631 163 1677 tuerit
185 1647 233 1676 esse
255 1631 379 1677 consensio.
413 1631 543 1693 Aristippus
569 1631 638 1677 simul
662 1647 714 1678 cum
739 1631 835 1677 Platone

93 1717 232 1781 Syracusana
253 1719 278 1764 in
300 1718 352 1764 aula
373 1723 474 1764 uersatus
497 1724 542 1775 est,
561 1723 584 1764 et
600 1718 666 1781 plura
682 1724 836 1765 memorantur

89 1805 187 1852 dicteria
203 1805 274 1862 unde,
293 1822 350 1867 quae
366 1805 435 1852 fuerit
452 1822 530 1852 eorum
547 1822 599 1867 erga
616 1822 639 1851 se
650 1807 746 1853 invicem
757 1806 836 1852 volun-

94 1897 141 1949 tas,
160 1898 257 1954 apparet.
270 1894 288 1954 2)
310 1892 355 1939 Hic
372 1909 432 1939 unus
441 1893 511 1940 luisse
522 1892 611 1939 videtur
620 1910 647 1940 en
655 1909 733 1941 eornm
742 1910 835 1957 nurnero

95 1981 135 2042 qui
160 1981 256 2027 Dionem
284 1986 307 2028 et
339 1981 458 2028 Platonem
481 1986 577 2043 tyranno
604 1986 719 2044 suspectos
744 1981 837 2029 reddere

95 2069 170 2115 conati
186 2074 239 2115 sunt
251 2069 279 2115 ob
290 2069 428 2126 libertatem,
444 2086 489 2131 qua
500 2069 604 2131 Dionysii
615 2069 732 2132 superbiae
744 2070 836 2116 obsiste-

95 2162 146 2204 rent
169 2162 190 2203 et
211 2163 327 2219 corruptas
351 2158 415 2204 aulae
438 2174 511 2204 mores
534 2158 651 2205 emendare
674 2165 696 2204 et
719 2159 838 2205 alurnria

97 2245 125 2291 ad
139 2245 291 2306 frugalitatem
301 2263 405 2293 revocare
417 2253 557 2293 conarentur.
577 2247 715 2294 Memoratur
725 2247 782 2294 liber
791 2248 838 2293 eins

98 2332 143 2391 aspi
158 2335 257 2386 rancide
270 2334 392 2395 (Πλάτωνος
400 2334 418 2396 l)
427 2340 509 2396 τρυφῆς
516 2372 523 2392 ,
531 2335 557 2381 in
566 2352 610 2396 quo
619 2334 710 2381 Platoni
721 2335 838 2382 libidinem

123 2484 141 2529 J)
155 2483 236 2519 Ceterum
249 2483 271 2519 de
282 2483 362 2519 Platonis
374 2484 472 2528 amoribus,
486 2485 507 2519 de
520 2485 557 2520 eius
565 2484 607 2531 gulo
620 2485 717 2532 ceterisque
728 2485 777 2520 vitiis
789 2486 840 2532 plura

98 2554 200 2591 fabulantur
211 2554 300 2601 Diogenes
312 2554 402 2598 Laertius,
415 2555 454 2598 III,
466 2558 474 2600 §
487 2556 510 2590 29
523 2568 561 2602 sqq.
573 2558 591 2591 et
604 2556 705 2591 Athenaeus
719 2555 750 2592 lib.
763 2556 809 2599 Vn,
822 2569 841 2604 p.

98 2625 133 2665 276
147 2629 165 2661 et
177 2625 233 2667 XIII,
246 2638 263 2673 p.
274 2626 307 2662 589
318 2625 338 2662 G.
350 2645 375 2654 -
388 2627 447 2662 Etiam
459 2627 585 2663 Dicaearchum
598 2628 669 2663 Platoni
681 2626 785 2664 libidinosos
793 2640 841 2664 amo-

98 2709 126 2733 res
139 2696 260 2744 exprobrasse,
273 2697 324 2733 testis
337 2700 363 2732 est
376 2698 449 2741 Cicero,
462 2698 532 2734 Tuscul.
545 2698 581 2741 IV,
595 2710 609 2734 c.
624 2698 653 2734 34.

124 2768 142 2812 2)
155 2769 206 2815 Diog.
223 2769 282 2805 naara
300 2768 328 2811 Π,
341 2771 349 2814 §
362 2768 395 2813 61,
409 2768 443 2813 78,
457 2769 490 2812 81,
504 2770 537 2812 823
550 2770 588 2811 ΙΙΙ,
601 2772 608 2815 §
622 2769 651 2805 36.
675 2770 724 2805 Plut.
737 2769 773 2805 rit.
787 2768 841 2804 Dion.

99 2850 113 2874 c.
128 2838 160 2882 19,
179 2840 280 2887 Aristippus
292 2853 303 2876 a
315 2840 389 2876 Platone
402 2841 506 2889 reprehendi
518 2841 587 2877 videtur
599 2842 618 2876 in
631 2841 725 2877 Phaedone
738 2845 763 2888 (p.
778 2842 800 2876 59
814 2840 842 2884 O.)

99 2910 146 2958 quod
159 2910 226 2947 Socrati
238 2911 322 2947 morienti
334 2924 370 2947 non
383 2912 467 2955 adfuerim
482 2924 517 2958 quo
529 2915 596 2959 spectat
609 2912 689 2947 Laertius
700 2913 747 2956 Il,§
762 2912 841 2947 55:214-

101 2998 143 3019 κισεν
157 2984 205 3019 αὐτὸν
218 2984 251 3029 (τὸν
263 2981 377 3034 Ἀρίστιππον)
391 2987 419 3020 καὶ
431 2985 500 3021 Πλάτων
512 2988 528 3020 ἐν
540 2993 564 3033 τῷ
577 2988 616 3035 περὶ
629 2988 688 3032 ψυχῆς.
