1932 3115
413 142 442 186 35

56 294 173 350 πειθόμενος
199 294 224 355 ζῇ
249 294 279 341 τόι
301 297 336 341 νῦν
358 296 381 341 οὐ
404 298 488 357 καλῶς,
509 297 519 342 ό
539 295 561 341 δὲ
579 293 698 348 πειθόμενος
713 293 798 347 τέθνηκε

54 386 133 436 cancie.
157 382 233 441 Quam
250 386 343 444 argutae
360 382 495 440 antitheses,
514 399 582 445 quam
596 381 670 444 lepide
685 381 745 428 ludit
756 386 799 427 ter-

53 471 116 517 nario
133 487 237 517 numero:
256 470 463 529 τρότους-τρότου.
489 470 550 517 Hinc
568 469 695 531 digreditur
706 469 735 515 ad
745 485 799 530 poe-

54 574 94 603 nas
118 574 175 618 quae
192 562 244 620 post
259 561 355 603 mortem
371 562 477 604 maneant
492 573 529 603 101
547 556 587 618 qui
603 556 710 612 libidine,
729 556 799 601 avari-

55 645 100 702 tia,
119 634 201 692 scelere
218 662 241 691 11
257 638 388 707 polluerint.
406 645 494 691 Deinde
505 661 585 691 rursus
596 644 733 706 uituperatio
746 643 801 689 Dio-

56 733 126 795 nysii,
144 732 245 779 laudatio
262 733 355 779 Dionis:
371 731 530 795 praedicantur
542 733 611 779 huius
622 731 737 794 praeclara
749 747 801 777 con-

57 820 119 877 silia,
138 820 267 883 deploratur
285 821 358 867 exitus
374 821 508 867 miserabilis
526 822 567 883 qui
584 820 669 882 optima
687 821 736 866 eius
748 836 800 865 con-

29 935 40 945 ‹—
57 908 107 953 silia
123 924 163 970 pro
180 899 341 970 Syracusarum
355 909 459 956 libertate
471 913 493 955 et
505 909 578 955 salute
591 908 701 954 everterit.
714 907 800 953 Verum

56 996 130 1042 missis
153 996 188 1043 his
211 997 340 1058 questibus,
364 998 407 1054 ait,
429 997 504 1043 fausta
520 997 613 1058 loquar:
632 998 764 1056 εὐφημῶμεν
776 995 799 1056 (l.

56 1087 147 1144 εὐφημεῖ)
168 1085 216 1147 μὲν)
237 1085 302 1143 χόριν
324 1084 800 1146 111111111119)1111111111

57 1172 96 1227 μὲν
117 1171 257 1229 ξυμβουλεύω
275 1173 346 1219 Aluna
364 1174 413 1230 ὑμῖν
429 1178 473 1223 τοῖς
490 1173 561 1232 φίλοις
577 1173 615 1227 τήν
632 1191 657 1217 τε
668 1177 709 1235 τῆς
725 1171 801 1229 111ρῖ-

57 1260 89 1311 δος
107 1259 186 1306 sturae
203 1260 238 1306 cal
255 1260 294 1313 atu
310 1266 349 1314 τῆς
364 1264 444 1320 τροφῆς
456 1259 555 1318 σώφρουω
566 1259 709 1318 11111ςὲ11
722 1258 802 1316 λῳόνων

58 1347 75 1393 δ’
83 1347 161 1404 ὀρνίθων
172 1349 214 1400 rac
223 1348 299 1394 ἐκείνου
308 1348 420 1404 βουλήσεις
430 1348 671 1406 11111111111111.
681 1364 703 1408 p.
715 1349 763 1393 336
773 1346 800 1394 C.

30 1483 31 1486 ,
58 1434 201 1495 Quamquam
217 1435 288 1482 Dioni
304 1452 338 1481 111
356 1436 413 1481 male
428 1436 507 1492 cessit,
519 1436 667 1482 nihilominus
678 1435 800 1481 imitandae

58 1523 106 1568 eius
123 1522 217 1568 virtutes
235 1529 257 1568 et
274 1523 414 1583 sequendum
427 1522 567 1584 exemplum:
580 1523 675 1576 loovout'a
686 1522 800 1568 reddenda

15 1614 17 1617 ⁴
58 1609 159 1666 Siciliae,
182 1610 283 1671 undique
300 1610 325 1656 in
341 1611 451 1657 auxilium
467 1612 552 1656 vocatis
570 1611 646 1656 amicis
664 1614 686 1655 11
703 1611 769 1656 sociis
787 1627 799 1656 1

58 1697 134 1744 Sicilia
151 1702 173 1744 et
189 1698 357 1760 Peloponneso,
375 1715 416 1745 nec
433 1715 480 1745 101
496 1699 605 1745 Athenis:
623 1698 662 1745 1111
680 1699 802 1757 11111111

58 1785 144 1832 πάντων
168 1786 277 1845 alaudam
303 1786 436 1847 διαφέροντες
461 1790 512 1844 πρὸς
537 1787 613 1845 otperto
636 1785 751 1843 ξενοφόνων
775 1804 800 1832 τε

57 1872 132 1930 ἀνδρῶν
154 1877 264 1929 μισοῦντες
287 1872 380 1930 τόλριως.
402 1891 424 1937 p.
443 1875 490 1919 336
508 1873 538 1920 D.
573 1875 673 1919 11111110
694 1874 735 1935 (ita
751 1889 800 1934 per-

57 1959 99 2020 git)
122 1959 213 2020 objiciat
233 1960 295 2021 quis:
322 1960 366 2006 1111
389 1961 546 2023 inposterum
563 1977 629 2007 curae
647 1966 723 2017 erunt,
741 1976 802 2006 nunc

57 2063 109 2092 vero
126 2051 215 2109 tempus
230 2052 297 2108 urget
311 2063 353 2093 nec
371 2048 504 2109 quotidiana
521 2048 615 2094 discidia
632 2053 654 2093 et
670 2047 803 2093 1111101111-

27 2141 29 2145 '
58 2134 102 2180 tari
117 2151 159 2180 nos
177 2135 261 2181 sinunt.
296 2135 333 2180 Ad
350 2136 405 2182 lraec
423 2135 477 2181 audi
494 2136 549 2196 quid
566 2134 708 2197 respondeat.
742 2134 803 2180 Scire

59 2226 159 2284 oportet,
185 2223 273 2269 nullam
296 2223 358 2285 prius
378 2224 426 2269 fore
452 2224 622 2270 contentionum
644 2223 712 2268 finem
735 2239 803 2283 cluam

58 2310 153 2356 victores
176 2306 290 2358 moderate
314 2316 336 2357 11
359 2311 471 2373 sapienter
494 2328 517 2357 11
538 2316 616 2372 gerant
640 2314 662 2355 et
683 2310 755 2356 uictos
776 2309 804 2355 ad

85 2450 102 2493 l)
120 2450 148 2484 En
164 2461 225 2485 rursus
242 2452 262 2486 τὸ
279 2450 340 2499 τρίτου.
364 2449 430 2484 Crebro
443 2448 477 2483 hoo
490 2460 563 2483 numero
575 2447 622 2482 ludit
634 2451 705 2490 noster,
721 2447 805 2482 nimirum

60 2519 101 2566 quia
119 2521 178 2555 nescio
196 2520 237 2566 quid
257 2520 315 2555 arcani
333 2520 352 2555 11
370 2520 404 2554 hoc
420 2504 477 2554 inesse
494 2517 807 2565 1111111111.11111.Ρ.331Ο;τὴυ

59 2592 110 2632 αὐτὴν
121 2591 216 2638 ξυμβουλὴν
227 2584 255 2626 aad
269 2592 314 2635 λόγον
326 2593 353 2625 τὸυ
366 2592 414 2626 αὐτὸν
425 2591 475 2635 λέγων
486 2589 518 2632 ἤδη
530 2591 587 2638 τρίτον
599 2590 664 2637 τρίτοις
677 2588 722 2634 ὑμῖν.
738 2599 756 2634 Ρ,
770 2588 805 2622 340

60 2661 86 2695 A:
100 2663 149 2697 ἐλθὼν
164 2659 206 2697 δὀὖν
217 2664 240 2697 τὸ
252 2663 335 2710 τρίτον,
345 2667 370 2708 τῷ
379 2667 443 2710 σωτῆρι
451 2662 501 2696 τοῦτο
508 2657 550 2705 γὀὖν
559 2660 627 2709 ἔπραξα
635 2659 690 2700 ὄντως.
705 2658 744 2693 Vid.
752 2658 806 2693 etiam
835 2671 837 2673 ’

61 2744 78 2778 p.
92 2732 133 2766 345.
146 2732 162 2766 A
174 2732 195 2767 Β.
212 2736 266 2782 Χάριν
278 2734 332 2768 οἰωνοῦ
346 2731 457 2766 referendum
471 2730 492 2764 ad
505 2732 583 2779 εὐρημῶ,
596 2730 637 2776 quia
650 2730 683 2765 hoc
692 2729 734 2764 boni
743 2729 807 2764 ominis

61 2802 163 2837 habebatur.
186 2802 272 2837 Similiter
285 2802 331 2848 apud
344 2802 437 2837 Platonem
446 2802 467 2836 de
475 2801 529 2847 Legg.
538 2801 578 2842 III,
588 2800 625 2838 ’102
634 2800 658 2842 0,
667 2799 742 2842 Cliniae,
753 2811 806 2846 quum

61 2872 128 2919 aliquid
144 2875 244 2920 opportune
262 2876 380 2909 memoratum
397 2876 453 2915 essct,
471 2871 523 2914 dicit,
540 2884 557 2906 se
574 2871 592 2907 id
604 2874 658 2908 οἰωιιὸυ
668 2885 707 2909 τινα
718 2874 807 2908 ποιεῖσθαι.

62 2944 131 2979 Manen.
144 2955 161 2989 p.
175 2944 248 2978 2493:
264 2947 319 2980 οἰωνοῦ
330 2948 380 2995 χάριν
393 2946 478 2993 ἄρχεσθαι
492 2945 533 2979 ἰέναι
545 2945 572 2979 ἐπὶ
585 2948 615 2985 τὴν
626 2947 709 2992 πατρῴαν
721 2944 783 2978 ἑστίαν.

693 3010 721 3053 311
