1932 3115
495 121 526 165 94

140 268 163 326 ἡκ
179 271 229 318 τότε
245 271 276 318 rol
292 272 322 318 cd
339 256 490 329 caesaraea,
508 275 545 318 σοῦ
563 271 584 317 δὲ
605 270 661 323 ὄντος
679 272 717 327 μὲν
729 269 815 329 σφίδρκ
827 270 881 327 rico,

138 365 221 422 Δττολλὴς
238 359 260 405 δὲ
281 360 378 418 ιίτειρίλς
401 359 463 414 οὔσης
486 359 532 418 περὶ
549 359 572 405 τὲ
589 359 669 406 τούτων
686 356 712 406 ὧν
729 357 825 416 ἔμπειροι
843 358 882 405 ἔδει

139 446 262 503 γεγοκέκκι,
286 447 321 494 uui
344 447 426 507 σφίδρκ
449 448 543 503 darciaco
566 447 625 503 ἐμοί.
648 447 673 494 τὸ
690 447 749 504 (arrd
765 451 826 494 τοῦτο
844 444 883 512 εἴτ’

140 533 245 593 ι’ίιίρωτος
262 534 305 582 εἴτε
321 536 364 587 θεὸς
381 533 424 581 είτε
441 532 500 592 τιίχη
517 552 549 586 τις
567 534 627 591 μετὰ
644 539 681 582 σοῦ
700 535 771 602 Aloros
789 533 883 590 ἐξέβαλε

140 622 176 669 κκί
194 622 293 682 ἐλείφθης
310 622 378 677 κόνις.
412 620 486 667 Nemo
508 621 564 667 haec
586 621 663 683 legens
683 638 731 668 uou
748 620 884 667 animadver-

140 714 187 766 tat,
212 725 270 770 quae
292 709 329 755 hic
352 708 380 755 de
396 707 470 755 Dione
488 713 510 755 ct
525 708 636 770 Dionysio
654 708 833 755 adolescentibus
851 707 884 753 di-

72 838 74 840 ,
142 802 225 844 cuntur
242 796 327 858 aliquid
345 796 461 858 superbiae
478 796 573 858 spirare,
590 797 655 858 quasi
666 813 731 843 nemo
744 796 772 843 ad
783 796 813 843 τὴ
825 806 884 843 τιλι-

141 886 193 947 τικιὶ
209 890 286 946 posset
300 901 347 930 csse
363 884 488 930 instructus
502 884 548 930 uisi
562 885 601 946 qui
612 870 815 946 Platonicoguitris
826 889 885 929 esset

141 978 163 1017 et
179 972 294 1033 probat-us.
329 971 373 1017 Sed
395 971 437 1016 hoc
454 976 481 1017 ut
498 971 612 1028 omittam,
630 971 745 1017 videamus
763 970 791 1016 de
802 970 882 1016 verbis.

141 1060 243 1106 Primum
261 1059 351 1106 attende
367 1059 523 1121 repetitionem
539 1059 564 1106 iu
580 1059 628 1105 his:
647 1060 719 1119 ἡλικίη
729 1058 785 1119 μίση
796 1057 833 1105 aa)
844 1076 883 1104 κη-

141 1147 255 1205 θεστηκιιίηι
267 1147 284 1209 1)
290 1165 297 1202 3
314 1145 383 1192 iidem
405 1146 512 1192 nimirum
535 1151 589 1192 suut
611 1148 629 1193 οἱ
651 1145 804 1200 καθεστηκότες
828 1150 849 1190 et
866 1145 884 1190 οἱ

142 1237 163 1282 ἐκ
184 1231 240 1293 piru
260 1235 337 1293 ἡλικίη.
376 1233 428 1292 Quo
454 1239 529 1280 autem
553 1234 649 1280 refertur
673 1234 800 1295 proximum
824 1232 882 1278 illud

141 1319 184 1368 dr?
217 1321 271 1367 Nou
293 1325 368 1382 potest
389 1321 478 1377 referri,
505 1321 566 1381 quod
591 1321 663 1382 prima
680 1321 753 1382 specie
770 1319 883 1375 videatur,

141 1409 169 1455 ad
188 1408 272 1464 ἡλικίκκ
289 1409 355 1465 μέσην
374 1408 409 1454 aa}
427 1408 592 1464 κκίεστηκυίκκ,
605 1424 677 1469 quum
687 1408 742 1454 haec
755 1407 800 1453 duo
812 1424 885 1453 uuum
939 1404 940 1407 ’

140 1496 246 1557 idemque
262 1500 348 1541 notent.
382 1495 417 1542 Ex
433 1496 550 1543 amborum
566 1496 718 1551 membrorum
729 1495 884 1558 oppositione,

143 1587 180 1630 τοῦ
197 1583 236 1640 μὲν
253 1582 441 1640 δεδικιμκσμὲκιυ,
522 1584 542 1628 ἑκ
564 1583 636 1644 ἡλικίη
653 1583 669 1628 δ’
681 1582 753 1639 ὄντος,
772 1587 794 1628 et
810 1587 847 1629 σοῦ
865 1582 887 1628 δὲ

144 1670 200 1723 ἕκτος
217 1670 260 1717 νέου
334 1669 376 1716 καί
387 1671 482 1725 ιίγκῶτος
501 1670 564 1730 ἐμοί,ν
576 1675 669 1733 apparet
685 1669 773 1732 plurale
790 1667 816 1716 ὧν
833 1669 887 1716 refe-

143 1759 239 1806 rendum
256 1775 303 1804 esse
321 1758 349 1804 ad
367 1758 432 1805 ambo
449 1759 519 1805 haec:
543 1758 720 1816 δεδικιμιισμέηιιι
738 1764 761 1805 et
778 1761 798 1805 ἓν
815 1758 888 1818 ἡλικίη

142 1846 206 1897 duros.
232 1845 288 1891 Plus
305 1845 420 1891 molestiae
438 1842 472 1891 est
488 1846 513 1891 iu
530 1845 612 1892 dativis
629 1852 673 1895 τοῖς
691 1849 736 1892 vodo
753 1845 788 1891 κιιί
801 1844 887 1903 σμικρὸν

144 1933 277 1990 κεκτημένοις
295 1933 397 1989 priuata
415 1933 460 1981 κτὲ.·
477 1932 569 1980 'Verba
585 1934 605 1979 si
627 1933 716 1996 proprie
734 1932 887 1994 accipiuntur,

143 2022 187 2068 hoc
212 2022 352 2083 significarit:
378 2026 495 2083 „spectata
519 2021 640 2083 prudentia
666 2027 688 2068 et
710 2026 799 2068 matura
816 2025 888 2067 aetate

145 2126 202 2171 opus
225 2113 258 2155 cst
275 2109 307 2154 'iis
339 2110 379 2170 qui
400 2109 436 2155 vel
458 2106 552 2171 paulum
578 2127 644 2157 sanae
661 2111 742 2157 mentis
759 2110 889 2172 possideant

145 2213 217 2258 quum
234 2196 263 2243 ad
278 2201 353 2243 tantas
369 2213 404 2243 res
422 2197 529 2258 gerendas
547 2198 656 2244 accessuri
676 2197 752 2245 suut.”
785 2197 836 2244 Hoc
851 2214 889 2244 au-

144 2288 190 2330 tem
213 2284 264 2330 vide
284 2300 313 2330 ue
333 2284 436 2346 ineptum
459 2284 540 2331 habeat
562 2301 667 2331 sensum:
685 2302 738 2331 uam
755 2285 795 2346 qui
812 2301 888 2331 sanam

145 2378 241 2419 mentem
258 2372 352 2429 habent,
370 2372 406 2418 his
418 2389 471 2419 sane
483 2372 558 2419 adsint
569 2373 608 2419 illa
620 2373 703 2434 quibus
716 2373 745 2419 ad
756 2390 803 2420 rem
812 2389 888 2434 geren·
923 2421 925 2426 .

146 2461 197 2506 dam
214 2476 270 2523 opus
288 2466 328 2506 est.
354 2458 417 2506 Num
434 2460 477 2506 lroc
488 2461 561 2507 voluit
572 2461 681 2523 scriptor:
701 2462 781 2523 „audis
793 2466 815 2507 et
825 2477 889 2523 expe-

145 2548 226 2614 rientia
248 2564 305 2610 opus
328 2552 362 2593 est
383 2547 411 2593 iis
435 2547 475 2608 qui
496 2564 538 2594 ηοκ
560 2549 703 2609 imprudenter
723 2549 752 2594 ad
768 2547 889 2611 rempubli-

146 2651 195 2682 cam
220 2635 323 2681 accedere
347 2634 449 2681 vclint?”
486 2634 526 2681 Ita
548 2651 601 2682 vero
627 2636 736 2682 articulus
759 2640 802 2687 τοῖς
823 2636 889 2697 jungi

150 2779 291 2786 Μ

172 2855 189 2900 l)
203 2854 272 2890 Similes
288 2855 398 2902 pleonasmos
415 2854 475 2890 notavi
487 2855 506 2889 iu
518 2856 551 2901 Ep.
564 2854 605 2898 Vri,
618 2855 645 2890 uti
657 2867 674 2902 p.
688 2855 723 2891 325
736 2856 757 2891 Β.
770 2860 793 2895 τὰ
806 2862 850 2895 κοινὰ
862 2861 890 2896 aad

147 2929 230 2963 πολιτικά.
242 2925 283 2960 vid.
295 2936 348 2971 supra
360 2937 377 2972 p.
389 2925 420 2960 46.
